# WMAP9
@ARTICLE{Hinshaw13a,
   author = {{Hinshaw}, G. and {Larson}, D. and {Komatsu}, E. and {Spergel}, D.~N. and
  {Bennett}, C.~L. and {Dunkley}, J. and {Nolta}, M.~R. and {Halpern}, M. and
  {Hill}, R.~S. and {Odegard}, N. and {Page}, L. and {Smith}, K.~M. and
  {Weiland}, J.~L. and {Gold}, B. and {Jarosik}, N. and {Kogut}, A. and
  {Limon}, M. and {Meyer}, S.~S. and {Tucker}, G.~S. and {Wollack}, E. and
  {Wright}, E.~L.},
    title = "{Nine-year Wilkinson Microwave Anisotropy Probe (WMAP) Observations: Cosmological Parameter Results}",
  journal = {\apjs},
archivePrefix = "arXiv",
   eprint = {1212.5226},
 keywords = {cosmic background radiation, cosmology: observations, dark matter, early universe, instrumentation: detectors, space vehicles, space vehicles: instruments, telescopes },
     year = 2013,
    month = oct,
   volume = 208,
      eid = {19},
    pages = {19},
      doi = {10.1088/0067-0049/208/2/19},
   adsurl = {http://adsabs.harvard.edu/abs/2013ApJS..208...19H},
  adsnote = {Provided by the SAO/NASA Astrophysics Data System}
}

# Evolutionary
@ARTICLE{Sanders88,
   author = {{Sanders}, D.~B. and {Soifer}, B.~T. and {Elias}, J.~H. and
  {Madore}, B.~F. and {Matthews}, K. and {Neugebauer}, G. and
  {Scoville}, N.~Z.},
    title = "{Ultraluminous infrared galaxies and the origin of quasars}",
  journal = {\apj},
 keywords = {Active Galactic Nuclei, Galactic Evolution, Infrared Sources (Astronomy), Quasars, Astronomical Maps, Carbon Monoxide, Emission Spectra, Infrared Photometry, Molecular Gases, Nonthermal Radiation, Spectral Energy Distribution},
     year = 1988,
    month = feb,
   volume = 325,
    pages = {74-91},
      doi = {10.1086/165983},
   adsurl = {http://adsabs.harvard.edu/abs/1988ApJ...325...74S},
  adsnote = {Provided by the SAO/NASA Astrophysics Data System}
}

# F10214+3714, mu = 6 +/- 1.5
@ARTICLE{Deane13a,
   author = {{Deane}, R.~P. and {Heywood}, I. and {Rawlings}, S. and {Marshall}, P.~J.
  },
    title = "{The preferentially magnified active nucleus in IRAS F10214+4724 - II. Spatially resolved cold molecular gas}",
  journal = {\mnras},
archivePrefix = "arXiv",
   eprint = {1307.6565},
 keywords = {gravitational lensing: strong, galaxies: evolution, galaxies: high-redshift, galaxies: individual: IRAS F10214+4724, galaxies: ISM},
     year = 2013,
    month = sep,
   volume = 434,
    pages = {23-37},
      doi = {10.1093/mnras/stt957},
   adsurl = {http://adsabs.harvard.edu/abs/2013MNRAS.434...23D},
  adsnote = {Provided by the SAO/NASA Astrophysics Data System}
}


#SPT
@ARTICLE{Carlstrom11a,
   author = {{Carlstrom}, J.~E. and {Ade}, P.~A.~R. and {Aird}, K.~A. and
  {Benson}, B.~A. and {Bleem}, L.~E. and {Busetti}, S. and {Chang}, C.~L. and
  {Chauvin}, E. and {Cho}, H.-M. and {Crawford}, T.~M. and {Crites}, A.~T. and
  {Dobbs}, M.~A. and {Halverson}, N.~W. and {Heimsath}, S. and
  {Holzapfel}, W.~L. and {Hrubes}, J.~D. and {Joy}, M. and {Keisler}, R. and
  {Lanting}, T.~M. and {Lee}, A.~T. and {Leitch}, E.~M. and {Leong}, J. and
  {Lu}, W. and {Lueker}, M. and {Luong-van}, D. and {McMahon}, J.~J. and
  {Mehl}, J. and {Meyer}, S.~S. and {Mohr}, J.~J. and {Montroy}, T.~E. and
  {Padin}, S. and {Plagge}, T. and {Pryke}, C. and {Ruhl}, J.~E. and
  {Schaffer}, K.~K. and {Schwan}, D. and {Shirokoff}, E. and {Spieler}, H.~G. and
  {Staniszewski}, Z. and {Stark}, A.~A. and {Tucker}, C. and {Vanderlinde}, K. and
  {Vieira}, J.~D. and {Williamson}, R.},
    title = "{The 10 Meter South Pole Telescope}",
  journal = {\pasp},
archivePrefix = "arXiv",
   eprint = {0907.4445},
 primaryClass = "astro-ph.IM",
 keywords = {Astronomical Instrumentation},
     year = 2011,
    month = may,
   volume = 123,
    pages = {568-581},
      doi = {10.1086/659879},
   adsurl = {http://adsabs.harvard.edu/abs/2011PASP..123..568C},
  adsnote = {Provided by the SAO/NASA Astrophysics Data System}
}


# stellar mass build up in galaxies
@ARTICLE{Dickinson03a,
   author = {{Dickinson}, M. and {Papovich}, C. and {Ferguson}, H.~C. and
  {Budav{\'a}ri}, T.},
    title = "{The Evolution of the Global Stellar Mass Density at 0{\lt}z{\lt}3}",
  journal = {\apj},
   eprint = {astro-ph/0212242},
 keywords = {Cosmology: Early Universe, Galaxies: Evolution, Galaxies: High-Redshift, Galaxies: Stellar Content, Infrared: Galaxies},
     year = 2003,
    month = apr,
   volume = 587,
    pages = {25-40},
      doi = {10.1086/368111},
   adsurl = {http://adsabs.harvard.edu/abs/2003ApJ...587...25D},
  adsnote = {Provided by the SAO/NASA Astrophysics Data System}
}


@ARTICLE{Casey14a,
   author = {{Casey}, C.~M. and {Narayanan}, D. and {Cooray}, A.},
    title = "{Dusty star-forming galaxies at high redshift}",
  journal = {\physrep},
archivePrefix = "arXiv",
   eprint = {1402.1456},
     year = 2014,
    month = aug,
   volume = 541,
    pages = {45-161},
      doi = {10.1016/j.physrep.2014.02.009},
   adsurl = {http://adsabs.harvard.edu/abs/2014PhR...541...45C},
  adsnote = {Provided by the SAO/NASA Astrophysics Data System}
}

Intro SMG
@ARTICLE{Lagache05a,
   author = {{Lagache}, G. and {Puget}, J.-L. and {Dole}, H.},
    title = "{Dusty Infrared Galaxies: Sources of the Cosmic Infrared Background}",
  journal = {\araa},
   eprint = {astro-ph/0507298},
     year = 2005,
    month = sep,
   volume = 43,
    pages = {727-768},
      doi = {10.1146/annurev.astro.43.072103.150606},
   adsurl = {http://adsabs.harvard.edu/abs/2005ARA%26A..43..727L},
  adsnote = {Provided by the SAO/NASA Astrophysics Data System}
}

# Brightness temperature ratio
@ARTICLE{Riechers11c,
   author = {{Riechers}, D.~A. and {Hodge}, J. and {Walter}, F. and {Carilli}, C.~L. and
  {Bertoldi}, F.},
    title = "{Extended Cold Molecular Gas Reservoirs in z \~{}= 3.4 Submillimeter Galaxies}",
  journal = {\apjl},
archivePrefix = "arXiv",
   eprint = {1105.4177},
 primaryClass = "astro-ph.CO",
 keywords = {cosmology: observations, galaxies: active, galaxies: formation, galaxies: high-redshift, galaxies: starburst, radio lines: galaxies},
     year = 2011,
    month = sep,
   volume = 739,
      eid = {L31},
    pages = {L31},
      doi = {10.1088/2041-8205/739/1/L31},
   adsurl = {http://adsabs.harvard.edu/abs/2011ApJ...739L..31R},
  adsnote = {Provided by the SAO/NASA Astrophysics Data System}
}

@ARTICLE{Riechers11d,
   author = {{Riechers}, D.~A. and {Carilli}, L.~C. and {Walter}, F. and
  {Weiss}, A. and {Wagg}, J. and {Bertoldi}, F. and {Downes}, D. and
  {Henkel}, C. and {Hodge}, J.},
    title = "{Imaging the Molecular Gas Properties of a Major Merger Driving the Evolution of a z = 2.5 Submillimeter Galaxy}",
  journal = {\apjl},
archivePrefix = "arXiv",
   eprint = {1104.4348},
 primaryClass = "astro-ph.CO",
 keywords = {cosmology: observations, galaxies: active, galaxies: formation, galaxies: high-redshift, galaxies: starburst, radio lines: galaxies},
     year = 2011,
    month = may,
   volume = 733,
      eid = {L11},
    pages = {L11},
      doi = {10.1088/2041-8205/733/1/L11},
   adsurl = {http://adsabs.harvard.edu/abs/2011ApJ...733L..11R},
  adsnote = {Provided by the SAO/NASA Astrophysics Data System}
}


# Upper limit for foreground gal lines

@ARTICLE{Smolcic11a,
   author = {{Smol{\v c}i{\'c}}, V. and {Riechers}, D.~A.},
    title = "{The Molecular Gas Content of z {\lt} 0.1 Radio Galaxies: Linking the Active Galactic Nucleus Accretion Mode to Host Galaxy Properties}",
  journal = {\apj},
archivePrefix = "arXiv",
   eprint = {1101.4935},
 keywords = {galaxies: active, radio continuum: galaxies},
     year = 2011,
    month = apr,
   volume = 730,
      eid = {64},
    pages = {64},
      doi = {10.1088/0004-637X/730/2/64},
   adsurl = {http://adsabs.harvard.edu/abs/2011ApJ...730...64S},
  adsnote = {Provided by the SAO/NASA Astrophysics Data System}
}


@ARTICLE{Negrello10a,
   author = {{Negrello}, M. and {Hopwood}, R. and {De Zotti}, G. and {Cooray}, A. and
  {Verma}, A. and {Bock}, J. and {Frayer}, D.~T. and {Gurwell}, M.~A. and
  {Omont}, A. and {Neri}, R. and {Dannerbauer}, H. and {Leeuw}, L.~L. and
  {Barton}, E. and {Cooke}, J. and {Kim}, S. and {da Cunha}, E. and
  {Rodighiero}, G. and {Cox}, P. and {Bonfield}, D.~G. and {Jarvis}, M.~J. and
  {Serjeant}, S. and {Ivison}, R.~J. and {Dye}, S. and {Aretxaga}, I. and
  {Hughes}, D.~H. and {Ibar}, E. and {Bertoldi}, F. and {Valtchanov}, I. and
  {Eales}, S. and {Dunne}, L. and {Driver}, S.~P. and {Auld}, R. and
  {Buttiglione}, S. and {Cava}, A. and {Grady}, C.~A. and {Clements}, D.~L. and
  {Dariush}, A. and {Fritz}, J. and {Hill}, D. and {Hornbeck}, J.~B. and
  {Kelvin}, L. and {Lagache}, G. and {Lopez-Caniego}, M. and {Gonzalez-Nuevo}, J. and
  {Maddox}, S. and {Pascale}, E. and {Pohlen}, M. and {Rigby}, E.~E. and
  {Robotham}, A. and {Simpson}, C. and {Smith}, D.~J.~B. and {Temi}, P. and
  {Thompson}, M.~A. and {Woodgate}, B.~E. and {York}, D.~G. and
  {Aguirre}, J.~E. and {Beelen}, A. and {Blain}, A. and {Baker}, A.~J. and
  {Birkinshaw}, M. and {Blundell}, R. and {Bradford}, C.~M. and
  {Burgarella}, D. and {Danese}, L. and {Dunlop}, J.~S. and {Fleuren}, S. and
  {Glenn}, J. and {Harris}, A.~I. and {Kamenetzky}, J. and {Lupu}, R.~E. and
  {Maddalena}, R.~J. and {Madore}, B.~F. and {Maloney}, P.~R. and
  {Matsuhara}, H. and {Micha{\l}owski}, M.~J. and {Murphy}, E.~J. and
  {Naylor}, B.~J. and {Nguyen}, H. and {Popescu}, C. and {Rawlings}, S. and
  {Rigopoulou}, D. and {Scott}, D. and {Scott}, K.~S. and {Seibert}, M. and
  {Smail}, I. and {Tuffs}, R.~J. and {Vieira}, J.~D. and {van der Werf}, P.~P. and
  {Zmuidzinas}, J.},
    title = "{The Detection of a Population of Submillimeter-Bright, Strongly Lensed Galaxies}",
  journal = {Science},
archivePrefix = "arXiv",
   eprint = {1011.1255},
 primaryClass = "astro-ph.CO",
     year = 2010,
    month = nov,
   volume = 330,
    pages = {800-},
      doi = {10.1126/science.1193420},
   adsurl = {http://adsabs.harvard.edu/abs/2010Sci...330..800N},
  adsnote = {Provided by the SAO/NASA Astrophysics Data System}
}

# SPT
@ARTICLE{Vieira10a,
   author = {{Vieira}, J.~D. and {Crawford}, T.~M. and {Switzer}, E.~R. and
  {Ade}, P.~A.~R. and {Aird}, K.~A. and {Ashby}, M.~L.~N. and
  {Benson}, B.~A. and {Bleem}, L.~E. and {Brodwin}, M. and {Carlstrom}, J.~E. and
  {Chang}, C.~L. and {Cho}, H.-M. and {Crites}, A.~T. and {de Haan}, T. and
  {Dobbs}, M.~A. and {Everett}, W. and {George}, E.~M. and {Gladders}, M. and
  {Hall}, N.~R. and {Halverson}, N.~W. and {High}, F.~W. and {Holder}, G.~P. and
  {Holzapfel}, W.~L. and {Hrubes}, J.~D. and {Joy}, M. and {Keisler}, R. and
  {Knox}, L. and {Lee}, A.~T. and {Leitch}, E.~M. and {Lueker}, M. and
  {Marrone}, D.~P. and {McIntyre}, V. and {McMahon}, J.~J. and
  {Mehl}, J. and {Meyer}, S.~S. and {Mohr}, J.~J. and {Montroy}, T.~E. and
  {Padin}, S. and {Plagge}, T. and {Pryke}, C. and {Reichardt}, C.~L. and
  {Ruhl}, J.~E. and {Schaffer}, K.~K. and {Shaw}, L. and {Shirokoff}, E. and
  {Spieler}, H.~G. and {Stalder}, B. and {Staniszewski}, Z. and
  {Stark}, A.~A. and {Vanderlinde}, K. and {Walsh}, W. and {Williamson}, R. and
  {Yang}, Y. and {Zahn}, O. and {Zenteno}, A.},
    title = "{Extragalactic Millimeter-wave Sources in South Pole Telescope Survey Data: Source Counts, Catalog, and Statistics for an 87 Square-degree Field}",
  journal = {\apj},
archivePrefix = "arXiv",
   eprint = {0912.2338},
 primaryClass = "astro-ph.CO",
 keywords = {galaxies: high-redshift, submillimeter: galaxies, surveys},
     year = 2010,
    month = aug,
   volume = 719,
    pages = {763-783},
      doi = {10.1088/0004-637X/719/1/763},
   adsurl = {http://adsabs.harvard.edu/abs/2010ApJ...719..763V},
  adsnote = {Provided by the SAO/NASA Astrophysics Data System}
}


# Engel
@ARTICLE{Engel10a,
   author = {{Engel}, H. and {Tacconi}, L.~J. and {Davies}, R.~I. and {Neri}, R. and
  {Smail}, I. and {Chapman}, S.~C. and {Genzel}, R. and {Cox}, P. and
  {Greve}, T.~R. and {Ivison}, R.~J. and {Blain}, A. and {Bertoldi}, F. and
  {Omont}, A.},
    title = "{Most Submillimeter Galaxies are Major Mergers}",
  journal = {\apj},
 keywords = {cosmology: observations, galaxies: evolution, galaxies: formation, galaxies: high-redshift, galaxies: kinematics and dynamics},
     year = 2010,
    month = nov,
   volume = 724,
    pages = {233-243},
      doi = {10.1088/0004-637X/724/1/233},
   adsurl = {http://adsabs.harvard.edu/abs/2010ApJ...724..233E},
  adsnote = {Provided by the SAO/NASA Astrophysics Data System}
}

# uvmcmcfit
@ARTICLE{Bussmann15a,
   author = {{Bussmann}, R.~S. and {Riechers}, D. and {Fialkov}, A. and {Scudder}, J. and
  {Hayward}, C.~C. and {Cowley}, W.~I. and {Bock}, J. and {Calanog}, J. and
  {Chapman}, S.~C. and {Cooray}, A. and {De Bernardis}, F. and
  {Farrah}, D. and {Fu}, H. and {Gavazzi}, R. and {Hopwood}, R. and
  {Ivison}, R.~J. and {Jarvis}, M. and {Lacey}, C. and {Loeb}, A. and
  {Oliver}, S.~J. and {Perez-Fournon}, I. and {Rigopoulou}, D. and
  {Roseboom}, I.~G. and {Scott}, D. and {Smith}, A.~J. and {Vieira}, J.~D. and
  {Wang}, L. and {Wardlow}, J.},
    title = "{HerMES: ALMA Imaging of Herschel-selected Dusty Star-forming Galaxies}",
  journal = {ArXiv e-prints},
archivePrefix = "arXiv",
   eprint = {1504.05256},
 keywords = {Astrophysics - Astrophysics of Galaxies, Astrophysics - Cosmology and Nongalactic Astrophysics},
     year = 2015,
    month = apr,
   adsurl = {http://adsabs.harvard.edu/abs/2015arXiv150405256B},
  adsnote = {Provided by the SAO/NASA Astrophysics Data System}
}



# Radio Galaxy
@ARTICLE{Fanaroff74,
   author = {{Fanaroff}, B.~L. and {Riley}, J.~M.},
    title = "{The morphology of extragalactic radio sources of high and low luminosity}",
  journal = {\mnras},
     year = 1974,
    month = may,
   volume = 167,
    pages = {31P-36P},
   adsurl = {http://adsabs.harvard.edu/abs/1974MNRAS.167P..31F},
  adsnote = {Provided by the SAO/NASA Astrophysics Data System}
}

# radio galaxy review
@ARTICLE{Kellermann81a,
   author = {{Kellermann}, K.~I. and {Pauliny-Toth}, I.~I.~K.},
    title = "{Compact radio sources}",
  journal = {\araa},
 keywords = {Extragalactic Radio Sources, Radiant Flux Density, Radiation Distribution, Radio Spectra, Spatial Distribution, Brightness Temperature, Galactic Evolution, Quasars, Radio Astronomy, Radio Galaxies},
     year = 1981,
   volume = 19,
    pages = {373-410},
      doi = {10.1146/annurev.aa.19.090181.002105},
   adsurl = {http://adsabs.harvard.edu/abs/1981ARA%26A..19..373K},
  adsnote = {Provided by the SAO/NASA Astrophysics Data System}
}

# Theory of extragalactic radio sources review
@ARTICLE{Begelman84a,
   author = {{Begelman}, M.~C. and {Blandford}, R.~D. and {Rees}, M.~J.},
    title = "{Theory of extragalactic radio sources}",
  journal = {Reviews of Modern Physics},
     year = 1984,
    month = apr,
   volume = 56,
    pages = {255-351},
      doi = {10.1103/RevModPhys.56.255},
   adsurl = {http://adsabs.harvard.edu/abs/1984RvMP...56..255B},
  adsnote = {Provided by the SAO/NASA Astrophysics Data System}
}




@ARTICLE{Mullin08a,
   author = {{Mullin}, L.~M. and {Riley}, J.~M. and {Hardcastle}, M.~J.},
    title = "{Observed properties of FRII quasars and radio galaxies at z {\lt} 1.0}",
  journal = {\mnras},
archivePrefix = "arXiv",
   eprint = {0806.1313},
 keywords = {galaxies: active , galaxies: jets , radio continuum: galaxies},
     year = 2008,
    month = oct,
   volume = 390,
    pages = {595-621},
      doi = {10.1111/j.1365-2966.2008.13534.x},
   adsurl = {http://adsabs.harvard.edu/abs/2008MNRAS.390..595M},
  adsnote = {Provided by the SAO/NASA Astrophysics Data System}
}

@ARTICLE{Mullin06a,
   author = {{Mullin}, L.~M. and {Hardcastle}, M.~J. and {Riley}, J.~M.},
    title = "{High-resolution observations of radio sources with 0.6 {\lt} z {\lt}= 1.0}",
  journal = {\mnras},
 keywords = {galaxies: active: galaxies: jets: radio continuum: galaxies, galaxies: active, galaxies: jets, radio continuum: galaxies},
     year = 2006,
    month = oct,
   volume = 372,
    pages = {113-135},
      doi = {10.1111/j.1365-2966.2006.10763.x},
   adsurl = {http://adsabs.harvard.edu/abs/2006MNRAS.372..113M},
  adsnote = {Provided by the SAO/NASA Astrophysics Data System}
}

@ARTICLE{Cleary07a,
   author = {{Cleary}, K. and {Lawrence}, C.~R. and {Marshall}, J.~A. and
  {Hao}, L. and {Meier}, D.},
    title = "{Spitzer Observations of 3C Quasars and Radio Galaxies: Mid-Infrared Properties of Powerful Radio Sources}",
  journal = {\apj},
   eprint = {astro-ph/0612702},
 keywords = {Galaxies: Active, Galaxies: Nuclei, Galaxies: Quasars: General},
     year = 2007,
    month = may,
   volume = 660,
    pages = {117-145},
      doi = {10.1086/511969},
   adsurl = {http://adsabs.harvard.edu/abs/2007ApJ...660..117C},
  adsnote = {Provided by the SAO/NASA Astrophysics Data System}
}


@ARTICLE{Hardcastle08a,
   author = {{Hardcastle}, M.~J. and {Looney}, L.~W.},
    title = "{The properties of powerful radio sources at 90 GHz}",
  journal = {\mnras},
archivePrefix = "arXiv",
   eprint = {0804.3369},
 keywords = {galaxies: jets , radio continuum: galaxies},
     year = 2008,
    month = jul,
   volume = 388,
    pages = {176-186},
      doi = {10.1111/j.1365-2966.2008.13370.x},
   adsurl = {http://adsabs.harvard.edu/abs/2008MNRAS.388..176H},
  adsnote = {Provided by the SAO/NASA Astrophysics Data System}
}

# no core detection in FR-II 3C20 at z = 0.174 at observed-frame freq=85 GHz
@ARTICLE{Hardcastle01a,
   author = {{Hardcastle}, M.~J. and {Looney}, L.~W.},
    title = "{85-GHz BIMA observations of the double-hotspot radio galaxy 3C20}",
  journal = {\mnras},
   eprint = {astro-ph/0008321},
 keywords = {galaxies: individual: 3C20, galaxies: jets, radio continuum: galaxies},
     year = 2001,
    month = jan,
   volume = 320,
    pages = {355-364},
      doi = {10.1046/j.1365-8711.2001.03963.x},
   adsurl = {http://adsabs.harvard.edu/abs/2001MNRAS.320..355H},
  adsnote = {Provided by the SAO/NASA Astrophysics Data System}
}

# hotspots
@ARTICLE{Meisenheimer89a,
   author = {{Meisenheimer}, K. and {Roser}, H.-J. and {Hiltner}, P.~R. and
  {Yates}, M.~G. and {Longair}, M.~S. and {Chini}, R. and {Perley}, R.~A.
  },
    title = "{The synchrotron spectra of radio hot spots}",
  journal = {\aap},
 keywords = {Astronomical Spectroscopy, Radio Galaxies, Synchrotron Radiation, Emission Spectra, Infrared Photometry, Particle Acceleration, Radio Jets (Astronomy)},
     year = 1989,
    month = jul,
   volume = 219,
    pages = {63-86},
   adsurl = {http://adsabs.harvard.edu/abs/1989A%26A...219...63M},
  adsnote = {Provided by the SAO/NASA Astrophysics Data System}
}



# Radio gal SED table
@ARTICLE{r9,
   author = {{Kellermann}, K.~I. and {Pauliny-Toth}, I.~I.~K.},
    title = "{Measurements of the flux density and spectra of discrete radio sources at centimeter wavelengths. IV. The observations at 10.7 GHz (2.8 cm).}",
  journal = {\aj},
     year = 1973,
    month = nov,
   volume = 78,
    pages = {828-847},
      doi = {10.1086/111489},
   adsurl = {http://adsabs.harvard.edu/abs/1973AJ.....78..828K},
  adsnote = {Provided by the SAO/NASA Astrophysics Data System}
}
@ARTICLE{r10-13-15-19-20-26-29-31,
   author = {{Laing}, R.~A. and {Peacock}, J.~A.},
    title = "{The relation between radio luminosity and spectrum for extended extragalactic radio sources}",
  journal = {\mnras},
 keywords = {Extragalactic Radio Sources, Luminosity, Radio Astronomy, Radio Spectra, Flux Density, Red Shift},
     year = 1980,
    month = mar,
   volume = 190,
    pages = {903-924},
   adsurl = {http://adsabs.harvard.edu/abs/1980MNRAS.190..903L},
  adsnote = {Provided by the SAO/NASA Astrophysics Data System}
}

@ARTICLE{r11-14-18-22-25-32,
   author = {{Kellermann}, K.~I. and {Pauliny-Toth}, I.~I.~K. and {Williams}, P.~J.~S.
  },
    title = "{The Spectra of Radio Sources in the Revised 3c Catalogue}",
  journal = {\apj},
     year = 1969,
    month = jul,
   volume = 157,
    pages = {1},
      doi = {10.1086/150046},
   adsurl = {http://adsabs.harvard.edu/abs/1969ApJ...157....1K},
  adsnote = {Provided by the SAO/NASA Astrophysics Data System}
}


@ARTICLE{r16,
   author = {{Condon}, J.~J. and {Cotton}, W.~D. and {Greisen}, E.~W. and
  {Yin}, Q.~F. and {Perley}, R.~A. and {Taylor}, G.~B. and {Broderick}, J.~J.
  },
    title = "{The NRAO VLA Sky Survey}",
  journal = {\aj},
 keywords = {CATALOGS, METHODS: DATA ANALYSIS, METHODS: OBSERVATIONAL, RADIO CONTINUUM, SURVEYS},
     year = 1998,
    month = may,
   volume = 115,
    pages = {1693-1716},
      doi = {10.1086/300337},
   adsurl = {http://adsabs.harvard.edu/abs/1998AJ....115.1693C},
  adsnote = {Provided by the SAO/NASA Astrophysics Data System}
}

@ARTICLE{r17-21,
   author = {{Pauliny-Toth}, I.~I.~K. and {Wade}, C.~M. and {Heeschen}, D.~S.
  },
    title = "{Positions and Flux Densities of Radio Sources}",
  journal = {\apjs},
     year = 1966,
    month = may,
   volume = 13,
    pages = {65},
      doi = {10.1086/190137},
   adsurl = {http://adsabs.harvard.edu/abs/1966ApJS...13...65P},
  adsnote = {Provided by the SAO/NASA Astrophysics Data System}
}

@ARTICLE{r23-24,
   author = {{Rengelink}, R.~B. and {Tang}, Y. and {de Bruyn}, A.~G. and
  {Miley}, G.~K. and {Bremer}, M.~N. and {Roettgering}, H.~J.~A. and
  {Bremer}, M.~A.~R.},
    title = "{The Westerbork Northern Sky Survey (WENSS), I. A 570 square degree Mini-Survey around the North Ecliptic Pole}",
  journal = {\aaps},
 keywords = {SURVEYS, RADIO CONTINUUM: GENERAL},
     year = 1997,
    month = aug,
   volume = 124,
    pages = {259-280},
      doi = {10.1051/aas:1997358},
   adsurl = {http://adsabs.harvard.edu/abs/1997A%26AS..124..259R},
  adsnote = {Provided by the SAO/NASA Astrophysics Data System}
}


@ARTICLE{r30,
   author = {{Cohen}, A.~S. and {Lane}, W.~M. and {Cotton}, W.~D. and {Kassim}, N.~E. and
  {Lazio}, T.~J.~W. and {Perley}, R.~A. and {Condon}, J.~J. and
  {Erickson}, W.~C.},
    title = "{The VLA Low-Frequency Sky Survey}",
  journal = {\aj},
archivePrefix = "arXiv",
   eprint = {0706.1191},
 keywords = {atmospheric effects, catalogs, radio continuum: general, surveys},
     year = 2007,
    month = sep,
   volume = 134,
    pages = {1245-1262},
      doi = {10.1086/520719},
   adsurl = {http://adsabs.harvard.edu/abs/2007AJ....134.1245C},
  adsnote = {Provided by the SAO/NASA Astrophysics Data System}
}

@ARTICLE{r33-34,
   author = {{Hales}, S.~E.~G. and {Waldram}, E.~M. and {Rees}, N. and {Warner}, P.~J.
  },
    title = "{A revised machine-readable source list for the Rees 38-MHz survey}",
  journal = {\mnras},
 keywords = {CATALOGUES, SURVEYS, RADIO CONTINUUM: GENERAL},
     year = 1995,
    month = may,
   volume = 274,
    pages = {447-451},
   adsurl = {http://adsabs.harvard.edu/abs/1995MNRAS.274..447H},
  adsnote = {Provided by the SAO/NASA Astrophysics Data System}
}


# 23, 24 ADS not available, but on NED
# 1998WENSP.C.......: WENSS COLLABORATION 1998 wensp WENSS COLLABORATION 1998, in WENSS POLAR CATALOGUE (sources above 72 degress) version: 1.0. Avaliable ONLINE from Leiden University: http://www.strw.leidenuniv.nl/WENSS/

@ARTICLE{r2728,
   author = {{Baldwin}, J.~E. and {Boysen}, R.~C. and {Hales}, S.~E.~G. and
  {Jennings}, J.~E. and {Waggett}, P.~C. and {Warner}, P.~J. and
  {Wilson}, D.~M.~A.},
    title = "{The 6C survey of radio sources. I - Declination zone delta greater than +80 deg}",
  journal = {\mnras},
 keywords = {Astronomical Catalogs, Astronomical Maps, Radio Sources (Astronomy), Atmospheric Effects, Calibrating, Error Analysis, Histograms},
     year = 1985,
    month = dec,
   volume = 217,
    pages = {717-730},
   adsurl = {http://adsabs.harvard.edu/abs/1985MNRAS.217..717B},
  adsnote = {Provided by the SAO/NASA Astrophysics Data System}
}



##
@ARTICLE{Bothwell13a,
   author = {{Bothwell}, M.~S. and {Smail}, I. and {Chapman}, S.~C. and {Genzel}, R. and
    {Ivison}, R.~J. and {Tacconi}, L.~J. and {Alaghband-Zadeh}, S. and
    {Bertoldi}, F. and {Blain}, A.~W. and {Casey}, C.~M. and {Cox}, P. and
    {Greve}, T.~R. and {Lutz}, D. and {Neri}, R. and {Omont}, A. and
    {Swinbank}, A.~M.},
    title = "{A survey of molecular gas in luminous sub-millimetre galaxies}",
  journal = {\mnras},
archivePrefix = "arXiv",
   eprint = {1205.1511},
 keywords = {galaxies: evolution, galaxies: formation, galaxies: ISM, cosmology: observations},
     year = 2013,
    month = mar,
   volume = 429,
    pages = {3047-3067},
      doi = {10.1093/mnras/sts562},
   adsurl = {http://adsabs.harvard.edu/abs/2013MNRAS.429.3047B},
  adsnote = {Provided by the SAO/NASA Astrophysics Data System}
}

@ARTICLE{Tacconi10a,
   author = {{Tacconi}, L.~J. and {Genzel}, R. and {Neri}, R. and {Cox}, P. and
  {Cooper}, M.~C. and {Shapiro}, K. and {Bolatto}, A. and {Bouch{\'e}}, N. and
  {Bournaud}, F. and {Burkert}, A. and {Combes}, F. and {Comerford}, J. and
  {Davis}, M. and {Schreiber}, N.~M.~F. and {Garcia-Burillo}, S. and
  {Gracia-Carpio}, J. and {Lutz}, D. and {Naab}, T. and {Omont}, A. and
  {Shapley}, A. and {Sternberg}, A. and {Weiner}, B.},
    title = "{High molecular gas fractions in normal massive star-forming galaxies in the young Universe}",
  journal = {\nat},
archivePrefix = "arXiv",
   eprint = {1002.2149},
     year = 2010,
    month = feb,
   volume = 463,
    pages = {781-784},
      doi = {10.1038/nature08773},
   adsurl = {http://adsabs.harvard.edu/abs/2010Natur.463..781T},
  adsnote = {Provided by the SAO/NASA Astrophysics Data System}
}

@ARTICLE{Daddi2010a,
   author = {{Daddi}, E. and {Bournaud}, F. and {Walter}, F. and {Dannerbauer}, H. and
  {Carilli}, C.~L. and {Dickinson}, M. and {Elbaz}, D. and {Morrison}, G.~E. and
  {Riechers}, D. and {Onodera}, M. and {Salmi}, F. and {Krips}, M. and
  {Stern}, D.},
    title = "{Very High Gas Fractions and Extended Gas Reservoirs in z = 1.5 Disk Galaxies}",
  journal = {\apj},
archivePrefix = "arXiv",
   eprint = {0911.2776},
 keywords = {cosmology: observations, galaxies: evolution, galaxies: formation, galaxies: starburst, infrared: galaxies},
     year = 2010,
    month = apr,
   volume = 713,
    pages = {686-707},
      doi = {10.1088/0004-637X/713/1/686},
   adsurl = {http://adsabs.harvard.edu/abs/2010ApJ...713..686D},
  adsnote = {Provided by the SAO/NASA Astrophysics Data System}
}

@ARTICLE{Greve05a,
   author = {{Greve}, T.~R. and {Bertoldi}, F. and {Smail}, I. and {Neri}, R. and
  {Chapman}, S.~C. and {Blain}, A.~W. and {Ivison}, R.~J. and
  {Genzel}, R. and {Omont}, A. and {Cox}, P. and {Tacconi}, L. and
  {Kneib}, J.-P.},
    title = "{An interferometric CO survey of luminous submillimetre galaxies}",
  journal = {\mnras},
   eprint = {astro-ph/0503055},
 keywords = {galaxies: formation, galaxies: starburst, cosmology: observations, early Universe},
     year = 2005,
    month = may,
   volume = 359,
    pages = {1165-1183},
      doi = {10.1111/j.1365-2966.2005.08979.x},
   adsurl = {http://adsabs.harvard.edu/abs/2005MNRAS.359.1165G},
  adsnote = {Provided by the SAO/NASA Astrophysics Data System}
}
# HLSW-01
@ARTICLE{Riechers11b,
   author = {{Riechers}, D.~A. and {Cooray}, A. and {Omont}, A. and {Neri}, R. and
  {Harris}, A.~I. and {Baker}, A.~J. and {Cox}, P. and {Frayer}, D.~T. and
  {Carpenter}, J.~M. and {Auld}, R. and {Aussel}, H. and {Beelen}, A. and
  {Blundell}, R. and {Bock}, J. and {Brisbin}, D. and {Burgarella}, D. and
  {Chanial}, P. and {Chapman}, S.~C. and {Clements}, D.~L. and
  {Conley}, A. and {Dowell}, C.~D. and {Eales}, S. and {Farrah}, D. and
  {Franceschini}, A. and {Gavazzi}, R. and {Glenn}, J. and {Griffin}, M. and
  {Gurwell}, M. and {Ivison}, R.~J. and {Kim}, S. and {Krips}, M. and
  {Mortier}, A.~M.~J. and {Oliver}, S.~J. and {Page}, M.~J. and
  {Papageorgiou}, A. and {Pearson}, C.~P. and {P{\'e}rez-Fournon}, I. and
  {Pohlen}, M. and {Rawlings}, J.~I. and {Raymond}, G. and {Rodighiero}, G. and
  {Roseboom}, I.~G. and {Rowan-Robinson}, M. and {Scott}, K.~S. and
  {Seymour}, N. and {Smith}, A.~J. and {Symeonidis}, M. and {Tugwell}, K.~E. and
  {Vaccari}, M. and {Vieira}, J.~D. and {Vigroux}, L. and {Wang}, L. and
  {Wardlow}, J. and {Wright}, G.},
    title = "{Dynamical Structure of the Molecular Interstellar Medium in an Extremely Bright, Multiply Lensed z \~{}= 3 Submillimeter Galaxy Discovered with Herschel}",
  journal = {\apjl},
archivePrefix = "arXiv",
   eprint = {1104.4116},
 primaryClass = "astro-ph.CO",
 keywords = {cosmology: observations, galaxies: active, galaxies: formation, galaxies: high-redshift, galaxies: starburst, radio lines: galaxies},
     year = 2011,
    month = may,
   volume = 733,
      eid = {L12},
    pages = {L12},
      doi = {10.1088/2041-8205/733/1/L12},
   adsurl = {http://adsabs.harvard.edu/abs/2011ApJ...733L..12R},
  adsnote = {Provided by the SAO/NASA Astrophysics Data System}
}

# mbb_emcee
@ARTICLE{Riechers13a,
   author = {{Riechers}, D.~A. and {Bradford}, C.~M. and {Clements}, D.~L. and
  {Dowell}, C.~D. and {P{\'e}rez-Fournon}, I. and {Ivison}, R.~J. and
  {Bridge}, C. and {Conley}, A. and {Fu}, H. and {Vieira}, J.~D. and
  {Wardlow}, J. and {Calanog}, J. and {Cooray}, A. and {Hurley}, P. and
  {Neri}, R. and {Kamenetzky}, J. and {Aguirre}, J.~E. and {Altieri}, B. and
  {Arumugam}, V. and {Benford}, D.~J. and {B{\'e}thermin}, M. and
  {Bock}, J. and {Burgarella}, D. and {Cabrera-Lavers}, A. and
  {Chapman}, S.~C. and {Cox}, P. and {Dunlop}, J.~S. and {Earle}, L. and
  {Farrah}, D. and {Ferrero}, P. and {Franceschini}, A. and {Gavazzi}, R. and
  {Glenn}, J. and {Solares}, E.~A.~G. and {Gurwell}, M.~A. and
  {Halpern}, M. and {Hatziminaoglou}, E. and {Hyde}, A. and {Ibar}, E. and
  {Kov{\'a}cs}, A. and {Krips}, M. and {Lupu}, R.~E. and {Maloney}, P.~R. and
  {Martinez-Navajas}, P. and {Matsuhara}, H. and {Murphy}, E.~J. and
  {Naylor}, B.~J. and {Nguyen}, H.~T. and {Oliver}, S.~J. and
  {Omont}, A. and {Page}, M.~J. and {Petitpas}, G. and {Rangwala}, N. and
  {Roseboom}, I.~G. and {Scott}, D. and {Smith}, A.~J. and {Staguhn}, J.~G. and
  {Streblyanska}, A. and {Thomson}, A.~P. and {Valtchanov}, I. and
  {Viero}, M. and {Wang}, L. and {Zemcov}, M. and {Zmuidzinas}, J.
  },
    title = "{A dust-obscured massive maximum-starburst galaxy at a redshift of 6.34}",
  journal = {\nat},
archivePrefix = "arXiv",
   eprint = {1304.4256},
 primaryClass = "astro-ph.CO",
     year = 2013,
    month = apr,
   volume = 496,
    pages = {329-333},
      doi = {10.1038/nature12050},
   adsurl = {http://adsabs.harvard.edu/abs/2013Natur.496..329R},
  adsnote = {Provided by the SAO/NASA Astrophysics Data System}
}

@ARTICLE{Dowell14a,
   author = {{Dowell}, C.~D. and {Conley}, A. and {Glenn}, J. and {Arumugam}, V. and
  {Asboth}, V. and {Aussel}, H. and {Bertoldi}, F. and {B{\'e}thermin}, M. and
  {Bock}, J. and {Boselli}, A. and {Bridge}, C. and {Buat}, V. and
  {Burgarella}, D. and {Cabrera-Lavers}, A. and {Casey}, C.~M. and
  {Chapman}, S.~C. and {Clements}, D.~L. and {Conversi}, L. and
  {Cooray}, A. and {Dannerbauer}, H. and {De Bernardis}, F. and
  {Ellsworth-Bowers}, T.~P. and {Farrah}, D. and {Franceschini}, A. and
  {Griffin}, M. and {Gurwell}, M.~A. and {Halpern}, M. and {Hatziminaoglou}, E. and
  {Heinis}, S. and {Ibar}, E. and {Ivison}, R.~J. and {Laporte}, N. and
  {Marchetti}, L. and {Mart{\'{\i}}nez-Navajas}, P. and {Marsden}, G. and
  {Morrison}, G.~E. and {Nguyen}, H.~T. and {O'Halloran}, B. and
  {Oliver}, S.~J. and {Omont}, A. and {Page}, M.~J. and {Papageorgiou}, A. and
  {Pearson}, C.~P. and {Petitpas}, G. and {P{\'e}rez-Fournon}, I. and
  {Pohlen}, M. and {Riechers}, D. and {Rigopoulou}, D. and {Roseboom}, I.~G. and
  {Rowan-Robinson}, M. and {Sayers}, J. and {Schulz}, B. and {Scott}, D. and
  {Seymour}, N. and {Shupe}, D.~L. and {Smith}, A.~J. and {Streblyanska}, A. and
  {Symeonidis}, M. and {Vaccari}, M. and {Valtchanov}, I. and
  {Vieira}, J.~D. and {Viero}, M. and {Wang}, L. and {Wardlow}, J. and
  {Xu}, C.~K. and {Zemcov}, M.},
    title = "{HerMES: Candidate High-redshift Galaxies Discovered with Herschel/SPIRE}",
  journal = {\apj},
archivePrefix = "arXiv",
   eprint = {1310.7583},
 keywords = {galaxies: high-redshift, galaxies: starburst, infrared: galaxies, submillimeter: galaxies},
     year = 2014,
    month = jan,
   volume = 780,
      eid = {75},
    pages = {75},
      doi = {10.1088/0004-637X/780/1/75},
   adsurl = {http://adsabs.harvard.edu/abs/2014ApJ...780...75D},
  adsnote = {Provided by the SAO/NASA Astrophysics Data System}
}

@ARTICLE{Dunne03a,
   author = {{Dunne}, L. and {Eales}, S.~A. and {Edmunds}, M.~G.},
    title = "{A census of metals at high and low redshift and the connection between submillimetre sources and spheroid formation}",
  journal = {\mnras},
   eprint = {astro-ph/0210260},
 keywords = {dust, extinction, galaxies: evolution, galaxies: ISM, galaxies: luminosity function, mass function, submillimetre},
     year = 2003,
    month = may,
   volume = 341,
    pages = {589-598},
      doi = {10.1046/j.1365-8711.2003.06440.x},
   adsurl = {http://adsabs.harvard.edu/abs/2003MNRAS.341..589D},
  adsnote = {Provided by the SAO/NASA Astrophysics Data System}
}


@ARTICLE{Haas14,
   author = {{Haas}, M. and {Leipski}, C. and {Barthel}, P. and {Wilkes}, B.~J. and
  {Vegetti}, S. and {Bussmann}, R.~S. and {Willner}, S.~P. and
  {Westhues}, C. and {Ashby}, M.~L.~N. and {Chini}, R. and {Clements}, D.~L. and
  {Fassnacht}, C.~D. and {Horesh}, A. and {Klaas}, U. and {Koopmans}, L.~V.~E. and
  {Kuraszkiewicz}, J. and {Lagattuta}, D.~J. and {Meisenheimer}, K. and
  {Stern}, D. and {Wylezalek}, D.},
    title = "{3C{\nbsp}220.3: A Radio Galaxy Lensing a Submillimeter Galaxy}",
  journal = {\apj},
archivePrefix = "arXiv",
   eprint = {1406.2872},
 keywords = {dark matter, galaxies: individual: 3C 220.3, gravitational lensing: strong, radio continuum: galaxies, submillimeter: galaxies },
     year = 2014,
    month = jul,
   volume = 790,
      eid = {46},
    pages = {46},
      doi = {10.1088/0004-637X/790/1/46},
   adsurl = {http://adsabs.harvard.edu/abs/2014ApJ...790...46H},
  adsnote = {Provided by the SAO/NASA Astrophysics Data System}
}

# qIR relation of high z
@ARTICLE{Ivison10a,
   author = {{Ivison}, R.~J. and {Alexander}, D.~M. and {Biggs}, A.~D. and
  {Brandt}, W.~N. and {Chapin}, E.~L. and {Coppin}, K.~E.~K. and
  {Devlin}, M.~J. and {Dickinson}, M. and {Dunlop}, J. and {Dye}, S. and
  {Eales}, S.~A. and {Frayer}, D.~T. and {Halpern}, M. and {Hughes}, D.~H. and
  {Ibar}, E. and {Kov{\'a}cs}, A. and {Marsden}, G. and {Moncelsi}, L. and
  {Netterfield}, C.~B. and {Pascale}, E. and {Patanchon}, G. and
  {Rafferty}, D.~A. and {Rex}, M. and {Schinnerer}, E. and {Scott}, D. and
  {Semisch}, C. and {Smail}, I. and {Swinbank}, A.~M. and {Truch}, M.~D.~P. and
  {Tucker}, G.~S. and {Viero}, M.~P. and {Walter}, F. and {Wei{\ss}}, A. and
  {Wiebe}, D.~V. and {Xue}, Y.~Q.},
    title = "{BLAST: the far-infrared/radio correlation in distant galaxies}",
  journal = {\mnras},
archivePrefix = "arXiv",
   eprint = {0910.1091},
 keywords = {galaxies: evolution, infrared: galaxies, radio continuum: galaxies},
     year = 2010,
    month = feb,
   volume = 402,
    pages = {245-258},
      doi = {10.1111/j.1365-2966.2009.15918.x},
   adsurl = {http://adsabs.harvard.edu/abs/2010MNRAS.402..245I},
  adsnote = {Provided by the SAO/NASA Astrophysics Data System}
}

@ARTICLE{Ivison10b,
   author = {{Ivison}, R.~J. and {Magnelli}, B. and {Ibar}, E. and {Andreani}, P. and
  {Elbaz}, D. and {Altieri}, B. and {Amblard}, A. and {Arumugam}, V. and
  {Auld}, R. and {Aussel}, H. and {Babbedge}, T. and {Berta}, S. and
  {Blain}, A. and {Bock}, J. and {Bongiovanni}, A. and {Boselli}, A. and
  {Buat}, V. and {Burgarella}, D. and {Castro-Rodr{\'{\i}}guez}, N. and
  {Cava}, A. and {Cepa}, J. and {Chanial}, P. and {Cimatti}, A. and
  {Cirasuolo}, M. and {Clements}, D.~L. and {Conley}, A. and {Conversi}, L. and
  {Cooray}, A. and {Daddi}, E. and {Dominguez}, H. and {Dowell}, C.~D. and
  {Dwek}, E. and {Eales}, S. and {Farrah}, D. and {F{\"o}rster Schreiber}, N. and
  {Fox}, M. and {Franceschini}, A. and {Gear}, W. and {Genzel}, R. and
  {Glenn}, J. and {Griffin}, M. and {Gruppioni}, C. and {Halpern}, M. and
  {Hatziminaoglou}, E. and {Isaak}, K. and {Lagache}, G. and {Levenson}, L. and
  {Lu}, N. and {Lutz}, D. and {Madden}, S. and {Maffei}, B. and
  {Magdis}, G. and {Mainetti}, G. and {Maiolino}, R. and {Marchetti}, L. and
  {Morrison}, G.~E. and {Mortier}, A.~M.~J. and {Nguyen}, H.~T. and
  {Nordon}, R. and {O'Halloran}, B. and {Oliver}, S.~J. and {Omont}, A. and
  {Owen}, F.~N. and {Page}, M.~J. and {Panuzzo}, P. and {Papageorgiou}, A. and
  {Pearson}, C.~P. and {P{\'e}rez-Fournon}, I. and {P{\'e}rez Garc{\'{\i}}a}, A.~M. and
  {Poglitsch}, A. and {Pohlen}, M. and {Popesso}, P. and {Pozzi}, F. and
  {Rawlings}, J.~I. and {Raymond}, G. and {Rigopoulou}, D. and
  {Riguccini}, L. and {Rizzo}, D. and {Rodighiero}, G. and {Roseboom}, I.~G. and
  {Rowan-Robinson}, M. and {Saintonge}, A. and {Sanchez Portal}, M. and
  {Santini}, P. and {Schulz}, B. and {Scott}, D. and {Seymour}, N. and
  {Shao}, L. and {Shupe}, D.~L. and {Smith}, A.~J. and {Stevens}, J.~A. and
  {Sturm}, E. and {Symeonidis}, M. and {Tacconi}, L. and {Trichas}, M. and
  {Tugwell}, K.~E. and {Vaccari}, M. and {Valtchanov}, I. and
  {Vieira}, J. and {Vigroux}, L. and {Wang}, L. and {Ward}, R. and
  {Wright}, G. and {Xu}, C.~K. and {Zemcov}, M.},
    title = "{The far-infrared/radio correlation as probed by Herschel}",
  journal = {\aap},
archivePrefix = "arXiv",
   eprint = {1005.1072},
 keywords = {galaxies: evolution, galaxies: starburst, infrared:, galaxies, submillimeter: galaxies, radio continuum: galaxies},
     year = 2010,
    month = jul,
   volume = 518,
      eid = {L31},
    pages = {L31},
      doi = {10.1051/0004-6361/201014552},
   adsurl = {http://adsabs.harvard.edu/abs/2010A%26A...518L..31I},
  adsnote = {Provided by the SAO/NASA Astrophysics Data System}
}
# qIR and Eyelash
@ARTICLE{Ivison10c,
   author = {{Ivison}, R.~J. and {Swinbank}, A.~M. and {Swinyard}, B. and
  {Smail}, I. and {Pearson}, C.~P. and {Rigopoulou}, D. and {Polehampton}, E. and
  {Baluteau}, J.-P. and {Barlow}, M.~J. and {Blain}, A.~W. and
  {Bock}, J. and {Clements}, D.~L. and {Coppin}, K. and {Cooray}, A. and
  {Danielson}, A. and {Dwek}, E. and {Edge}, A.~C. and {Franceschini}, A. and
  {Fulton}, T. and {Glenn}, J. and {Griffin}, M. and {Isaak}, K. and
  {Leeks}, S. and {Lim}, T. and {Naylor}, D. and {Oliver}, S.~J. and
  {Page}, M.~J. and {P{\'e}rez Fournon}, I. and {Rowan-Robinson}, M. and
  {Savini}, G. and {Scott}, D. and {Spencer}, L. and {Valtchanov}, I. and
  {Vigroux}, L. and {Wright}, G.~S.},
    title = "{Herschel and SCUBA-2 imaging and spectroscopy of a bright, lensed submillimetre galaxy at z = 2.3}",
  journal = {\aap},
archivePrefix = "arXiv",
   eprint = {1005.1071},
 keywords = {galaxies: evolution, infrared: galaxies, infrared: ISM, radio continuum: galaxies, submillimeter: galaxies},
     year = 2010,
    month = jul,
   volume = 518,
      eid = {L35},
    pages = {L35},
      doi = {10.1051/0004-6361/201014548},
   adsurl = {http://adsabs.harvard.edu/abs/2010A%26A...518L..35I},
  adsnote = {Provided by the SAO/NASA Astrophysics Data System}
}

# Eyelash
@ARTICLE{Danielson11a,
   author = {{Danielson}, A.~L.~R. and {Swinbank}, A.~M. and {Smail}, I. and
  {Cox}, P. and {Edge}, A.~C. and {Weiss}, A. and {Harris}, A.~I. and
  {Baker}, A.~J. and {De Breuck}, C. and {Geach}, J.~E. and {Ivison}, R.~J. and
  {Krips}, M. and {Lundgren}, A. and {Longmore}, S. and {Neri}, R. and
  {Flaquer}, B.~O.},
    title = "{The properties of the interstellar medium within a star-forming galaxy at z= 2.3}",
  journal = {\mnras},
archivePrefix = "arXiv",
   eprint = {1008.3183},
 keywords = {galaxies: active, galaxies: evolution, galaxies: high-redshift, galaxies: starburst, submillimetre: galaxies},
     year = 2011,
    month = jan,
   volume = 410,
    pages = {1687-1702},
      doi = {10.1111/j.1365-2966.2010.17549.x},
   adsurl = {http://adsabs.harvard.edu/abs/2011MNRAS.410.1687D},
  adsnote = {Provided by the SAO/NASA Astrophysics Data System}
}
# Eyelash, updated magnification factor
@ARTICLE{Swinbank11a,
   author = {{Swinbank}, A.~M. and {Papadopoulos}, P.~P. and {Cox}, P. and
  {Krips}, M. and {Ivison}, R.~J. and {Smail}, I. and {Thomson}, A.~P. and
  {Neri}, R. and {Richard}, J. and {Ebeling}, H.},
    title = "{The Interstellar Medium in Distant Star-forming Galaxies: Turbulent Pressure, Fragmentation, and Cloud Scaling Relations in a Dense Gas Disk at z = 2.3}",
  journal = {\apj},
archivePrefix = "arXiv",
   eprint = {1110.2780},
 keywords = {galaxies: evolution, galaxies: high-redshift, galaxies: individual: SMM J2135{\ndash}0102, galaxies: ISM, galaxies: starburst, galaxies: star formation},
     year = 2011,
    month = nov,
   volume = 742,
      eid = {11},
    pages = {11},
      doi = {10.1088/0004-637X/742/1/11},
   adsurl = {http://adsabs.harvard.edu/abs/2011ApJ...742...11S},
  adsnote = {Provided by the SAO/NASA Astrophysics Data System}
}




# gas to dust ratio
@ARTICLE{Coppin07a,
   author = {{Coppin}, K.~E.~K. and {Swinbank}, A.~M. and {Neri}, R. and
  {Cox}, P. and {Smail}, I. and {Ellis}, R.~S. and {Geach}, J.~E. and
  {Siana}, B. and {Teplitz}, H. and {Dye}, S. and {Kneib}, J.-P. and
  {Edge}, A.~C. and {Richard}, J.},
    title = "{A Detailed Study of Gas and Star Formation in a Highly Magnified Lyman Break Galaxy at z = 3.07}",
  journal = {\apj},
archivePrefix = "arXiv",
   eprint = {0705.1721},
 keywords = {Cosmology: Observations, Galaxies: Evolution, Galaxies: Formation, galaxies: individual (LBG J213512.73-010143), Galaxies: Kinematics and Dynamics, Galaxies: Starburst},
     year = 2007,
    month = aug,
   volume = 665,
    pages = {936-943},
      doi = {10.1086/519789},
   adsurl = {http://adsabs.harvard.edu/abs/2007ApJ...665..936C},
  adsnote = {Provided by the SAO/NASA Astrophysics Data System}
}

@ARTICLE{Coppin08a,
   author = {{Coppin}, K.~E.~K. and {Swinbank}, A.~M. and {Neri}, R. and
  {Cox}, P. and {Alexander}, D.~M. and {Smail}, I. and {Page}, M.~J. and
  {Stevens}, J.~A. and {Knudsen}, K.~K. and {Ivison}, R.~J. and
  {Beelen}, A. and {Bertoldi}, F. and {Omont}, A.},
    title = "{Testing the evolutionary link between submillimetre galaxies and quasars: CO observations of QSOs at z \~{} 2}",
  journal = {\mnras},
archivePrefix = "arXiv",
   eprint = {0806.0618},
 keywords = {galaxies: evolution , galaxies: formation , galaxies: high-redshift , galaxies: kinematics and dynamics , quasars: emission lines , submillimetre},
     year = 2008,
    month = sep,
   volume = 389,
    pages = {45-62},
      doi = {10.1111/j.1365-2966.2008.13553.x},
   adsurl = {http://adsabs.harvard.edu/abs/2008MNRAS.389...45C},
  adsnote = {Provided by the SAO/NASA Astrophysics Data System}
}

# brightness temperature ratio
@ARTICLE{Carilli13a,
   author = {{Carilli}, C.~L. and {Walter}, F.},
    title = "{Cool Gas in High-Redshift Galaxies}",
  journal = {\araa},
archivePrefix = "arXiv",
   eprint = {1301.0371},
     year = 2013,
    month = aug,
   volume = 51,
    pages = {105-161},
      doi = {10.1146/annurev-astro-082812-140953},
   adsurl = {http://adsabs.harvard.edu/abs/2013ARA%26A..51..105C},
  adsnote = {Provided by the SAO/NASA Astrophysics Data System}
}
@ARTICLE{Solomon05a,
   author = {{Solomon}, P.~M. and {Vanden Bout}, P.~A.},
    title = "{Molecular Gas at High Redshift}",
  journal = {\araa},
   eprint = {astro-ph/0508481},
     year = 2005,
    month = sep,
   volume = 43,
    pages = {677-725},
      doi = {10.1146/annurev.astro.43.051804.102221},
   adsurl = {http://adsabs.harvard.edu/abs/2005ARA%26A..43..677S},
  adsnote = {Provided by the SAO/NASA Astrophysics Data System}
}

@ARTICLE{Downes98a,
   author = {{Downes}, D. and {Solomon}, P.~M.},
    title = "{Rotating Nuclear Rings and Extreme Starbursts in Ultraluminous Galaxies}",
  journal = {\apj},
   eprint = {astro-ph/9806377},
 keywords = {GALAXIES: ISM, GALAXIES: KINEMATICS AND DYNAMICS, GALAXIES: NUCLEI, RADIO LINES: GALAXIES, Galaxies: ISM, Galaxies: Kinematics and Dynamics, Galaxies: Nuclei, Radio Lines: Galaxies},
     year = 1998,
    month = nov,
   volume = 507,
    pages = {615-654},
      doi = {10.1086/306339},
   adsurl = {http://adsabs.harvard.edu/abs/1998ApJ...507..615D},
  adsnote = {Provided by the SAO/NASA Astrophysics Data System}
}

@ARTICLE{Wilson70a,
   author = {{Wilson}, R.~W. and {Jefferts}, K.~B. and {Penzias}, A.~A.},
    title = "{Carbon Monoxide in the Orion Nebula}",
  journal = {\apjl},
     year = 1970,
    month = jul,
   volume = 161,
    pages = {L43},
      doi = {10.1086/180567},
   adsurl = {http://adsabs.harvard.edu/abs/1970ApJ...161L..43W},
  adsnote = {Provided by the SAO/NASA Astrophysics Data System}
}

@ARTICLE{Harris10a,
   author = {{Harris}, A.~I. and {Baker}, A.~J. and {Zonak}, S.~G. and {Sharon}, C.~E. and
  {Genzel}, R. and {Rauch}, K. and {Watts}, G. and {Creager}, R.
  },
    title = "{CO J = 1-0 Spectroscopy of Four Submillimeter Galaxies with the Zpectrometer on the Green Bank Telescope}",
  journal = {\apj},
archivePrefix = "arXiv",
   eprint = {1006.3691},
 keywords = {galaxies: high-redshift, galaxies: individual: SMM J04431+0210 SMM J04433+0210 SMM J14011+0252 SMM J14009+0252, galaxies: ISM, methods: statistical, techniques: spectroscopic},
     year = 2010,
    month = nov,
   volume = 723,
    pages = {1139-1149},
      doi = {10.1088/0004-637X/723/2/1139},
   adsurl = {http://adsabs.harvard.edu/abs/2010ApJ...723.1139H},
  adsnote = {Provided by the SAO/NASA Astrophysics Data System}
}

@ARTICLE{Tacconi06a,
   author = {{Tacconi}, L.~J. and {Neri}, R. and {Chapman}, S.~C. and {Genzel}, R. and
  {Smail}, I. and {Ivison}, R.~J. and {Bertoldi}, F. and {Blain}, A. and
  {Cox}, P. and {Greve}, T. and {Omont}, A.},
    title = "{High-Resolution Millimeter Imaging of Submillimeter Galaxies}",
  journal = {\apj},
   eprint = {astro-ph/0511319},
 keywords = {Cosmology: Observations, Galaxies: Evolution, Galaxies: Formation, Galaxies: High-Redshift, Galaxies: ISM},
     year = 2006,
    month = mar,
   volume = 640,
    pages = {228-240},
      doi = {10.1086/499933},
   adsurl = {http://adsabs.harvard.edu/abs/2006ApJ...640..228T},
  adsnote = {Provided by the SAO/NASA Astrophysics Data System}
}

@ARTICLE{Tacconi08a,
   author = {{Tacconi}, L.~J. and {Genzel}, R. and {Smail}, I. and {Neri}, R. and
  {Chapman}, S.~C. and {Ivison}, R.~J. and {Blain}, A. and {Cox}, P. and
  {Omont}, A. and {Bertoldi}, F. and {Greve}, T. and {F{\"o}rster Schreiber}, N.~M. and
  {Genel}, S. and {Lutz}, D. and {Swinbank}, A.~M. and {Shapley}, A.~E. and
  {Erb}, D.~K. and {Cimatti}, A. and {Daddi}, E. and {Baker}, A.~J.
  },
    title = "{Submillimeter Galaxies at z \~{} 2: Evidence for Major Mergers and Constraints on Lifetimes, IMF, and CO-H$_{2}$ Conversion Factor}",
  journal = {\apj},
archivePrefix = "arXiv",
   eprint = {0801.3650},
 keywords = {Cosmology: Observations, Galaxies: Evolution, Galaxies: Formation, Galaxies: High-Redshift, Galaxies: Kinematics and Dynamics, Stars: Luminosity Function, Mass Function},
     year = 2008,
    month = jun,
   volume = 680,
    pages = {246-262},
      doi = {10.1086/587168},
   adsurl = {http://adsabs.harvard.edu/abs/2008ApJ...680..246T},
  adsnote = {Provided by the SAO/NASA Astrophysics Data System}
}


@ARTICLE{Micha10a,
   author = {{Micha{\l}owski}, M.~J. and {Watson}, D. and {Hjorth}, J.},
    title = "{Rapid Dust Production in Submillimeter Galaxies at z {\gt} 4?}",
  journal = {\apj},
archivePrefix = "arXiv",
   eprint = {1002.2636},
 primaryClass = "astro-ph.CO",
 keywords = {galaxies: active, galaxies: evolution, galaxies: high-redshift, galaxies: ISM, galaxies: starburst, submillimeter: galaxies},
     year = 2010,
    month = apr,
   volume = 712,
    pages = {942-950},
      doi = {10.1088/0004-637X/712/2/942},
   adsurl = {http://adsabs.harvard.edu/abs/2010ApJ...712..942M},
  adsnote = {Provided by the SAO/NASA Astrophysics Data System}
}


@ARTICLE{Riechers06a,
   author = {{Riechers}, D.~A. and {Walter}, F. and {Carilli}, C.~L. and
  {Knudsen}, K.~K. and {Lo}, K.~Y. and {Benford}, D.~J. and {Staguhn}, J.~G. and
  {Hunter}, T.~R. and {Bertoldi}, F. and {Henkel}, C. and {Menten}, K.~M. and
  {Weiss}, A. and {Yun}, M.~S. and {Scoville}, N.~Z.},
    title = "{CO(1-0) in z {\gt}\~{} 4 Quasar Host Galaxies: No Evidence for Extended Molecular Gas Reservoirs}",
  journal = {\apj},
   eprint = {astro-ph/0606422},
 keywords = {Cosmology: Observations, Galaxies: Active, Galaxies: Formation, Galaxies: High-Redshift, Galaxies: ISM, Galaxies: Starburst},
     year = 2006,
    month = oct,
   volume = 650,
    pages = {604-613},
      doi = {10.1086/507014},
   adsurl = {http://adsabs.harvard.edu/abs/2006ApJ...650..604R},
  adsnote = {Provided by the SAO/NASA Astrophysics Data System}
}


@ARTICLE{Carilli10a,
   author = {{Carilli}, C.~L. and {Daddi}, E. and {Riechers}, D. and {Walter}, F. and
  {Weiss}, A. and {Dannerbauer}, H. and {Morrison}, G.~E. and
  {Wagg}, J. and {Dav{\'e}}, R. and {Elbaz}, D. and {Stern}, D. and
  {Dickinson}, M. and {Krips}, M. and {Aravena}, M.},
    title = "{Imaging the Molecular Gas in a Submillimeter Galaxy at z = 4.05: Cold Mode Accretion or a Major Merger?}",
  journal = {\apj},
archivePrefix = "arXiv",
   eprint = {1002.3838},
 keywords = {galaxies: evolution, galaxies: formation, galaxies: high-redshift, galaxies: ISM, galaxies: star formation},
     year = 2010,
    month = may,
   volume = 714,
    pages = {1407-1417},
      doi = {10.1088/0004-637X/714/2/1407},
   adsurl = {http://adsabs.harvard.edu/abs/2010ApJ...714.1407C},
  adsnote = {Provided by the SAO/NASA Astrophysics Data System}
}

# cosmic eye, brightness temp ratio
@ARTICLE{Swinbank2010a,
   author = {{Swinbank}, A.~M. and {Smail}, I. and {Longmore}, S. and {Harris}, A.~I. and
  {Baker}, A.~J. and {De Breuck}, C. and {Richard}, J. and {Edge}, A.~C. and
  {Ivison}, R.~J. and {Blundell}, R. and {Coppin}, K.~E.~K. and
  {Cox}, P. and {Gurwell}, M. and {Hainline}, L.~J. and {Krips}, M. and
  {Lundgren}, A. and {Neri}, R. and {Siana}, B. and {Siringo}, G. and
  {Stark}, D.~P. and {Wilner}, D. and {Younger}, J.~D.},
    title = "{Intense star formation within resolved compact regions in a galaxy at z = 2.3}",
  journal = {\nat},
archivePrefix = "arXiv",
   eprint = {1003.3674},
 primaryClass = "astro-ph.CO",
     year = 2010,
    month = apr,
   volume = 464,
    pages = {733-736},
      doi = {10.1038/nature08880},
   adsurl = {http://adsabs.harvard.edu/abs/2010Natur.464..733S},
  adsnote = {Provided by the SAO/NASA Astrophysics Data System}
}


@ARTICLE{Ivison11a,
   author = {{Ivison}, R.~J. and {Papadopoulos}, P.~P. and {Smail}, I. and
  {Greve}, T.~R. and {Thomson}, A.~P. and {Xilouris}, E.~M. and
  {Chapman}, S.~C.},
    title = "{Tracing the molecular gas in distant submillimetre galaxies via CO(1-0) imaging with the Expanded Very Large Array}",
  journal = {\mnras},
archivePrefix = "arXiv",
   eprint = {1009.0749},
 keywords = {galaxies: evolution, galaxies: high-redshift, galaxies: starburst, infrared: galaxies, radio lines: galaxies, submillimetre: galaxies},
     year = 2011,
    month = apr,
   volume = 412,
    pages = {1913-1925},
      doi = {10.1111/j.1365-2966.2010.18028.x},
   adsurl = {http://adsabs.harvard.edu/abs/2011MNRAS.412.1913I},
  adsnote = {Provided by the SAO/NASA Astrophysics Data System}
}

@ARTICLE{Ivison10d,
   author = {{Ivison}, R.~J. and {Smail}, I. and {Papadopoulos}, P.~P. and
  {Wold}, I. and {Richard}, J. and {Swinbank}, A.~M. and {Kneib}, J.-P. and
  {Owen}, F.~N.},
    title = "{Gas, dust and stars in the SCUBA galaxy, SMMJ02399-0136: the EVLA reveals a colossal galactic nursery}",
  journal = {\mnras},
archivePrefix = "arXiv",
   eprint = {0912.1591},
 keywords = {galaxies: evolution, galaxies: high-redshift, galaxies: individual: SMM J02399-0136, galaxies: starburst, infrared: galaxies, radio continuum: galaxies},
     year = 2010,
    month = may,
   volume = 404,
    pages = {198-205},
      doi = {10.1111/j.1365-2966.2010.16322.x},
   adsurl = {http://adsabs.harvard.edu/abs/2010MNRAS.404..198I},
  adsnote = {Provided by the SAO/NASA Astrophysics Data System}
}

@ARTICLE{Riechers11a,
   author = {{Riechers}, D.~A. and {Carilli}, C.~L. and {Maddalena}, R.~J. and
  {Hodge}, J. and {Harris}, A.~I. and {Baker}, A.~J. and {Walter}, F. and
  {Wagg}, J. and {Vanden Bout}, P.~A. and {Wei{\ss}}, A. and {Sharon}, C.~E.
  },
    title = "{CO(J = 1{\rarr}0) in z {\gt} 2 Quasar Host Galaxies: No Evidence for Extended Molecular Gas Reservoirs}",
  journal = {\apjl},
archivePrefix = "arXiv",
   eprint = {1106.2553},
 primaryClass = "astro-ph.CO",
 keywords = {cosmology: observations, galaxies: active, galaxies: formation, galaxies: high-redshift, galaxies: starburst, radio lines: galaxies},
     year = 2011,
    month = sep,
   volume = 739,
      eid = {L32},
    pages = {L32},
      doi = {10.1088/2041-8205/739/1/L32},
   adsurl = {http://adsabs.harvard.edu/abs/2011ApJ...739L..32R},
  adsnote = {Provided by the SAO/NASA Astrophysics Data System}
}

 @ARTICLE{Scott11a,
    author = {{Scott}, K.~S. and {Lupu}, R.~E. and {Aguirre}, J.~E. and {Auld}, R. and
   {Aussel}, H. and {Baker}, A.~J. and {Beelen}, A. and {Bock}, J. and
   {Bradford}, C.~M. and {Brisbin}, D. and {Burgarella}, D. and
   {Carpenter}, J.~M. and {Chanial}, P. and {Chapman}, S.~C. and
   {Clements}, D.~L. and {Conley}, A. and {Cooray}, A. and {Cox}, P. and
   {Dowell}, C.~D. and {Eales}, S. and {Farrah}, D. and {Franceschini}, A. and
   {Frayer}, D.~T. and {Gavazzi}, R. and {Glenn}, J. and {Griffin}, M. and
   {Harris}, A.~I. and {Ibar}, E. and {Ivison}, R.~J. and {Kamenetzky}, J. and
   {Kim}, S. and {Krips}, M. and {Maloney}, P.~R. and {Matsuhara}, H. and
   {Mortier}, A.~M.~J. and {Murphy}, E.~J. and {Naylor}, B.~J. and
   {Neri}, R. and {Nguyen}, H.~T. and {Oliver}, S.~J. and {Omont}, A. and
   {Page}, M.~J. and {Papageorgiou}, A. and {Pearson}, C.~P. and
   {P{\'e}rez-Fournon}, I. and {Pohlen}, M. and {Rawlings}, J.~I. and
   {Raymond}, G. and {Riechers}, D. and {Rodighiero}, G. and {Roseboom}, I.~G. and
   {Rowan-Robinson}, M. and {Scott}, D. and {Seymour}, N. and {Smith}, A.~J. and
   {Symeonidis}, M. and {Tugwell}, K.~E. and {Vaccari}, M. and
   {Vieira}, J.~D. and {Vigroux}, L. and {Wang}, L. and {Wright}, G. and
   {Zmuidzinas}, J.},
     title = "{Redshift Determination and CO Line Excitation Modeling for the Multiply Lensed Galaxy HLSW-01}",
   journal = {\apj},
 archivePrefix = "arXiv",
    eprint = {1104.4115},
  keywords = {galaxies: high-redshift, galaxies: individual: HERMES J105751.1+573027, galaxies: starburst, submillimeter: galaxies},
      year = 2011,
     month = may,
    volume = 733,
       eid = {29},
     pages = {29},
       doi = {10.1088/0004-637X/733/1/29},
    adsurl = {http://adsabs.harvard.edu/abs/2011ApJ...733...29S},
   adsnote = {Provided by the SAO/NASA Astrophysics Data System}
 }


# HLSW-01
@ARTICLE{Conley11a,
   author = {{Conley}, A. and {Cooray}, A. and {Vieira}, J.~D. and {Gonz{\'a}lez Solares}, E.~A. and
  {Kim}, S. and {Aguirre}, J.~E. and {Amblard}, A. and {Auld}, R. and
  {Baker}, A.~J. and {Beelen}, A. and {Blain}, A. and {Blundell}, R. and
  {Bock}, J. and {Bradford}, C.~M. and {Bridge}, C. and {Brisbin}, D. and
  {Burgarella}, D. and {Carpenter}, J.~M. and {Chanial}, P. and
  {Chapin}, E. and {Christopher}, N. and {Clements}, D.~L. and
  {Cox}, P. and {Djorgovski}, S.~G. and {Dowell}, C.~D. and {Eales}, S. and
  {Earle}, L. and {Ellsworth-Bowers}, T.~P. and {Farrah}, D. and
  {Franceschini}, A. and {Frayer}, D. and {Fu}, H. and {Gavazzi}, R. and
  {Glenn}, J. and {Griffin}, M. and {Gurwell}, M.~A. and {Halpern}, M. and
  {Ibar}, E. and {Ivison}, R.~J. and {Jarvis}, M. and {Kamenetzky}, J. and
  {Krips}, M. and {Levenson}, L. and {Lupu}, R. and {Mahabal}, A. and
  {Maloney}, P.~D. and {Maraston}, C. and {Marchetti}, L. and
  {Marsden}, G. and {Matsuhara}, H. and {Mortier}, A.~M.~J. and
  {Murphy}, E. and {Naylor}, B.~J. and {Neri}, R. and {Nguyen}, H.~T. and
  {Oliver}, S.~J. and {Omont}, A. and {Page}, M.~J. and {Papageorgiou}, A. and
  {Pearson}, C.~P. and {P{\'e}rez-Fournon}, I. and {Pohlen}, M. and
  {Rangwala}, N. and {Rawlings}, J.~I. and {Raymond}, G. and {Riechers}, D. and
  {Rodighiero}, G. and {Roseboom}, I.~G. and {Rowan-Robinson}, M. and
  {Schulz}, B. and {Scott}, D. and {Scott}, K. and {Serra}, P. and
  {Seymour}, N. and {Shupe}, D.~L. and {Smith}, A.~J. and {Symeonidis}, M. and
  {Tugwell}, K.~E. and {Vaccari}, M. and {Valiante}, E. and {Valtchanov}, I. and
  {Verma}, A. and {Viero}, M.~P. and {Vigroux}, L. and {Wang}, L. and
  {Wiebe}, D. and {Wright}, G. and {Xu}, C.~K. and {Zeimann}, G. and
  {Zemcov}, M. and {Zmuidzinas}, J.},
    title = "{Discovery of a Multiply Lensed Submillimeter Galaxy in Early HerMES Herschel/SPIRE Data}",
  journal = {\apjl},
archivePrefix = "arXiv",
   eprint = {1104.4113},
 keywords = {galaxies: high-redshift, galaxies: starburst, gravitational lensing: strong, submillimeter: galaxies},
     year = 2011,
    month = may,
   volume = 732,
      eid = {L35},
    pages = {L35},
      doi = {10.1088/2041-8205/732/2/L35},
   adsurl = {http://adsabs.harvard.edu/abs/2011ApJ...732L..35C},
  adsnote = {Provided by the SAO/NASA Astrophysics Data System}
}

# HLSW-01 Lens model
@ARTICLE{Gavazzi11a,
   author = {{Gavazzi}, R. and {Cooray}, A. and {Conley}, A. and {Aguirre}, J.~E. and
  {Amblard}, A. and {Auld}, R. and {Beelen}, A. and {Blain}, A. and
  {Blundell}, R. and {Bock}, J. and {Bradford}, C.~M. and {Bridge}, C. and
  {Brisbin}, D. and {Burgarella}, D. and {Chanial}, P. and {Chapin}, E. and
  {Christopher}, N. and {Clements}, D.~L. and {Cox}, P. and {Djorgovski}, S.~G. and
  {Dowell}, C.~D. and {Eales}, S. and {Earle}, L. and {Ellsworth-Bowers}, T.~P. and
  {Farrah}, D. and {Franceschini}, A. and {Fu}, H. and {Glenn}, J. and
  {Gonz{\'a}lez Solares}, E.~A. and {Griffin}, M. and {Gurwell}, M.~A. and
  {Halpern}, M. and {Ibar}, E. and {Ivison}, R.~J. and {Jarvis}, M. and
  {Kamenetzky}, J. and {Kim}, S. and {Krips}, M. and {Levenson}, L. and
  {Lupu}, R. and {Mahabal}, A. and {Maloney}, P.~D. and {Maraston}, C. and
  {Marchetti}, L. and {Marsden}, G. and {Matsuhara}, H. and {Mortier}, A.~M.~J. and
  {Murphy}, E. and {Naylor}, B.~J. and {Neri}, R. and {Nguyen}, H.~T. and
  {Oliver}, S.~J. and {Omont}, A. and {Page}, M.~J. and {Papageorgiou}, A. and
  {Pearson}, C.~P. and {P{\'e}rez-Fournon}, I. and {Pohlen}, M. and
  {Rangwala}, N. and {Rawlings}, J.~I. and {Raymond}, G. and {Riechers}, D. and
  {Rodighiero}, G. and {Roseboom}, I.~G. and {Rowan-Robinson}, M. and
  {Schulz}, B. and {Scott}, D. and {Scott}, K.~S. and {Serra}, P. and
  {Seymour}, N. and {Shupe}, D.~L. and {Smith}, A.~J. and {Symeonidis}, M. and
  {Tugwell}, K.~E. and {Vaccari}, M. and {Valiante}, E. and {Valtchanov}, I. and
  {Verma}, A. and {Vieira}, J.~D. and {Vigroux}, L. and {Wang}, L. and
  {Wardlow}, J. and {Wiebe}, D. and {Wright}, G. and {Xu}, C.~K. and
  {Zeimann}, G. and {Zemcov}, M. and {Zmuidzinas}, J.},
    title = "{Modeling of the HerMES Submillimeter Source Lensed by a Dark Matter Dominated Foreground Group of Galaxies}",
  journal = {\apj},
archivePrefix = "arXiv",
   eprint = {1104.4119},
 keywords = {galaxies: elliptical and lenticular, cD, galaxies: groups: general, galaxies: halos, gravitational lensing: strong, submillimeter: galaxies},
     year = 2011,
    month = sep,
   volume = 738,
      eid = {125},
    pages = {125},
      doi = {10.1088/0004-637X/738/2/125},
   adsurl = {http://adsabs.harvard.edu/abs/2011ApJ...738..125G},
  adsnote = {Provided by the SAO/NASA Astrophysics Data System}
}



# SFR
@ARTICLE{Kennicutt98a,
   author = {{Kennicutt}, Jr., R.~C.},
    title = "{Star Formation in Galaxies Along the Hubble Sequence}",
  journal = {\araa},
   eprint = {astro-ph/9807187},
     year = 1998,
   volume = 36,
    pages = {189-232},
      doi = {10.1146/annurev.astro.36.1.189},
   adsurl = {http://adsabs.harvard.edu/abs/1998ARA%26A..36..189K},
  adsnote = {Provided by the SAO/NASA Astrophysics Data System}
}

# IMF
@ARTICLE{Chabrier03a,
   author = {{Chabrier}, G.},
    title = "{Galactic Stellar and Substellar Initial Mass Function}",
  journal = {\pasp},
   eprint = {astro-ph/0304382},
 keywords = {Galaxies: Luminosity Function, Mass Function, Invited Reviews},
     year = 2003,
    month = jul,
   volume = 115,
    pages = {763-795},
      doi = {10.1086/376392},
   adsurl = {http://adsabs.harvard.edu/abs/2003PASP..115..763C},
  adsnote = {Provided by the SAO/NASA Astrophysics Data System}
}

# surface densities
@ARTICLE{B07a,
   author = {{Bouch{\'e}}, N. and {Cresci}, G. and {Davies}, R. and {Eisenhauer}, F. and
  {F{\"o}rster Schreiber}, N.~M. and {Genzel}, R. and {Gillessen}, S. and
  {Lehnert}, M. and {Lutz}, D. and {Nesvadba}, N. and {Shapiro}, K.~L. and
  {Sternberg}, A. and {Tacconi}, L.~J. and {Verma}, A. and {Cimatti}, A. and
  {Daddi}, E. and {Renzini}, A. and {Erb}, D.~K. and {Shapley}, A. and
  {Steidel}, C.~C.},
    title = "{Dynamical Properties of z \~{} 2 Star-forming Galaxies and a Universal Star Formation Relation}",
  journal = {\apj},
archivePrefix = "arXiv",
   eprint = {0706.2656},
 keywords = {Cosmology: Observations, Galaxies: Evolution, Infrared: Galaxies},
     year = 2007,
    month = dec,
   volume = 671,
    pages = {303-309},
      doi = {10.1086/522221},
   adsurl = {http://adsabs.harvard.edu/abs/2007ApJ...671..303B},
  adsnote = {Provided by the SAO/NASA Astrophysics Data System}
}


# SMG
@ARTICLE{Blain02a,
   author = {{Blain}, A.~W. and {Smail}, I. and {Ivison}, R.~J. and {Kneib}, J.-P. and
  {Frayer}, D.~T.},
    title = "{Submillimeter galaxies}",
  journal = {\physrep},
   eprint = {astro-ph/0202228},
     year = 2002,
    month = oct,
   volume = 369,
    pages = {111-176},
      doi = {10.1016/S0370-1573(02)00134-5},
   adsurl = {http://adsabs.harvard.edu/abs/2002PhR...369..111B},
  adsnote = {Provided by the SAO/NASA Astrophysics Data System}
}



# HerMES
@ARTICLE{Oliver12a,
   author = {{Oliver}, S.~J. and {Bock}, J. and {Altieri}, B. and {Amblard}, A. and
  {Arumugam}, V. and {Aussel}, H. and {Babbedge}, T. and {Beelen}, A. and
  {B{\'e}thermin}, M. and {Blain}, A. and {Boselli}, A. and {Bridge}, C. and
  {Brisbin}, D. and {Buat}, V. and {Burgarella}, D. and {Castro-Rodr{\'{\i}}guez}, N. and
  {Cava}, A. and {Chanial}, P. and {Cirasuolo}, M. and {Clements}, D.~L. and
  {Conley}, A. and {Conversi}, L. and {Cooray}, A. and {Dowell}, C.~D. and
  {Dubois}, E.~N. and {Dwek}, E. and {Dye}, S. and {Eales}, S. and
  {Elbaz}, D. and {Farrah}, D. and {Feltre}, A. and {Ferrero}, P. and
  {Fiolet}, N. and {Fox}, M. and {Franceschini}, A. and {Gear}, W. and
  {Giovannoli}, E. and {Glenn}, J. and {Gong}, Y. and {Gonz{\'a}lez Solares}, E.~A. and
  {Griffin}, M. and {Halpern}, M. and {Harwit}, M. and {Hatziminaoglou}, E. and
  {Heinis}, S. and {Hurley}, P. and {Hwang}, H.~S. and {Hyde}, A. and
  {Ibar}, E. and {Ilbert}, O. and {Isaak}, K. and {Ivison}, R.~J. and
  {Lagache}, G. and {Le Floc'h}, E. and {Levenson}, L. and {Faro}, B.~L. and
  {Lu}, N. and {Madden}, S. and {Maffei}, B. and {Magdis}, G. and
  {Mainetti}, G. and {Marchetti}, L. and {Marsden}, G. and {Marshall}, J. and
  {Mortier}, A.~M.~J. and {Nguyen}, H.~T. and {O'Halloran}, B. and
  {Omont}, A. and {Page}, M.~J. and {Panuzzo}, P. and {Papageorgiou}, A. and
  {Patel}, H. and {Pearson}, C.~P. and {P{\'e}rez-Fournon}, I. and
  {Pohlen}, M. and {Rawlings}, J.~I. and {Raymond}, G. and {Rigopoulou}, D. and
  {Riguccini}, L. and {Rizzo}, D. and {Rodighiero}, G. and {Roseboom}, I.~G. and
  {Rowan-Robinson}, M. and {S{\'a}nchez Portal}, M. and {Schulz}, B. and
  {Scott}, D. and {Seymour}, N. and {Shupe}, D.~L. and {Smith}, A.~J. and
  {Stevens}, J.~A. and {Symeonidis}, M. and {Trichas}, M. and
  {Tugwell}, K.~E. and {Vaccari}, M. and {Valtchanov}, I. and
  {Vieira}, J.~D. and {Viero}, M. and {Vigroux}, L. and {Wang}, L. and
  {Ward}, R. and {Wardlow}, J. and {Wright}, G. and {Xu}, C.~K. and
  {Zemcov}, M.},
    title = "{The Herschel Multi-tiered Extragalactic Survey: HerMES}",
  journal = {\mnras},
archivePrefix = "arXiv",
   eprint = {1203.2562},
 keywords = {surveys, galaxies: evolution, infrared: galaxies, submillimetre: galaxies },
     year = 2012,
    month = aug,
   volume = 424,
    pages = {1614-1635},
      doi = {10.1111/j.1365-2966.2012.20912.x},
   adsurl = {http://adsabs.harvard.edu/abs/2012MNRAS.424.1614O},
  adsnote = {Provided by the SAO/NASA Astrophysics Data System}
}

# h-altas
@ARTICLE{Eales10a,
   author = {{Eales}, S. and {Dunne}, L. and {Clements}, D. and {Cooray}, A. and
  {de Zotti}, G. and {Dye}, S. and {Ivison}, R. and {Jarvis}, M. and
  {Lagache}, G. and {Maddox}, S. and {Negrello}, M. and {Serjeant}, S. and
  {Thompson}, M.~A. and {van Kampen}, E. and {Amblard}, A. and
  {Andreani}, P. and {Baes}, M. and {Beelen}, A. and {Bendo}, G.~J. and
  {Benford}, D. and {Bertoldi}, F. and {Bock}, J. and {Bonfield}, D. and
  {Boselli}, A. and {Bridge}, C. and {Buat}, V. and {Burgarella}, D. and
  {Carlberg}, R. and {Cava}, A. and {Chanial}, P. and {Charlot}, S. and
  {Christopher}, N. and {Coles}, P. and {Cortese}, L. and {Dariush}, A. and
  {da Cunha}, E. and {Dalton}, G. and {Danese}, L. and {Dannerbauer}, H. and
  {Driver}, S. and {Dunlop}, J. and {Fan}, L. and {Farrah}, D. and
  {Frayer}, D. and {Frenk}, C. and {Geach}, J. and {Gardner}, J. and
  {Gomez}, H. and {Gonz{\'a}lez-Nuevo}, J. and {Gonz{\'a}lez-Solares}, E. and
  {Griffin}, M. and {Hardcastle}, M. and {Hatziminaoglou}, E. and
  {Herranz}, D. and {Hughes}, D. and {Ibar}, E. and {Jeong}, W.-S. and
  {Lacey}, C. and {Lapi}, A. and {Lawrence}, A. and {Lee}, M. and
  {Leeuw}, L. and {Liske}, J. and {L{\'o}pez-Caniego}, M. and
  {M{\"u}ller}, T. and {Nandra}, K. and {Panuzzo}, P. and {Papageorgiou}, A. and
  {Patanchon}, G. and {Peacock}, J. and {Pearson}, C. and {Phillipps}, S. and
  {Pohlen}, M. and {Popescu}, C. and {Rawlings}, S. and {Rigby}, E. and
  {Rigopoulou}, M. and {Robotham}, A. and {Rodighiero}, G. and
  {Sansom}, A. and {Schulz}, B. and {Scott}, D. and {Smith}, D.~J.~B. and
  {Sibthorpe}, B. and {Smail}, I. and {Stevens}, J. and {Sutherland}, W. and
  {Takeuchi}, T. and {Tedds}, J. and {Temi}, P. and {Tuffs}, R. and
  {Trichas}, M. and {Vaccari}, M. and {Valtchanov}, I. and {van der Werf}, P. and
  {Verma}, A. and {Vieria}, J. and {Vlahakis}, C. and {White}, G.~J.
  },
    title = "{The Herschel ATLAS}",
  journal = {\pasp},
archivePrefix = "arXiv",
   eprint = {0910.4279},
 keywords = {Galaxies},
     year = 2010,
    month = may,
   volume = 122,
    pages = {499-515},
      doi = {10.1086/653086},
   adsurl = {http://adsabs.harvard.edu/abs/2010PASP..122..499E},
  adsnote = {Provided by the SAO/NASA Astrophysics Data System}
}

# Obscured AGN
@ARTICLE{Polletta11a,
   author = {{Polletta}, M. and {Nesvadba}, N.~P.~H. and {Neri}, R. and {Omont}, A. and
  {Berta}, S. and {Bergeron}, J.},
    title = "{Disk, merger, or outflow? Molecular gas kinematics in two powerful obscured QSOs at z {\ge} 3.4}",
  journal = {\aap},
archivePrefix = "arXiv",
   eprint = {1107.2129},
 keywords = {galaxies: high-redshift, galaxies: active, submillimeter: galaxies, submillimeter: ISM, quasars: general, galaxies: evolution},
     year = 2011,
    month = sep,
   volume = 533,
      eid = {A20},
    pages = {A20},
      doi = {10.1051/0004-6361/201116446},
   adsurl = {http://adsabs.harvard.edu/abs/2011A%26A...533A..20P},
  adsnote = {Provided by the SAO/NASA Astrophysics Data System}
}


# Casey SED
@ARTICLE{Casey12a,
   author = {{Casey}, C.~M.},
    title = "{Far-infrared spectral energy distribution fitting for galaxies near and far}",
  journal = {\mnras},
archivePrefix = "arXiv",
   eprint = {1206.1595},
 keywords = {galaxies: evolution, galaxies: high-redshift, galaxies: starburst, infrared: galaxies},
     year = 2012,
    month = oct,
   volume = 425,
    pages = {3094-3103},
      doi = {10.1111/j.1365-2966.2012.21455.x},
   adsurl = {http://adsabs.harvard.edu/abs/2012MNRAS.425.3094C},
  adsnote = {Provided by the SAO/NASA Astrophysics Data System}
}

# Star forming galaxy gas properties
@ARTICLE{Tacconi10a,
   author = {{Tacconi}, L.~J. and {Genzel}, R. and {Neri}, R. and {Cox}, P. and
  {Cooper}, M.~C. and {Shapiro}, K. and {Bolatto}, A. and {Bouch{\'e}}, N. and
  {Bournaud}, F. and {Burkert}, A. and {Combes}, F. and {Comerford}, J. and
  {Davis}, M. and {Schreiber}, N.~M.~F. and {Garcia-Burillo}, S. and
  {Gracia-Carpio}, J. and {Lutz}, D. and {Naab}, T. and {Omont}, A. and
  {Shapley}, A. and {Sternberg}, A. and {Weiner}, B.},
    title = "{High molecular gas fractions in normal massive star-forming galaxies in the young Universe}",
  journal = {\nat},
archivePrefix = "arXiv",
   eprint = {1002.2149},
     year = 2010,
    month = feb,
   volume = 463,
    pages = {781-784},
      doi = {10.1038/nature08773},
   adsurl = {http://adsabs.harvard.edu/abs/2010Natur.463..781T},
  adsnote = {Provided by the SAO/NASA Astrophysics Data System}
}


# Evolutionary
@ARTICLE{Simpson12a,
   author = {{Simpson}, J.~M. and {Smail}, I. and {Swinbank}, A.~M. and {Alexander}, D.~M. and
  {Auld}, R. and {Baes}, M. and {Bonfield}, D.~G. and {Clements}, D.~L. and
  {Cooray}, A. and {Coppin}, K.~E.~K. and {Danielson}, A.~L.~R. and
  {Dariush}, A. and {Dunne}, L. and {de Zotti}, G. and {Harrison}, C.~M. and
  {Hopwood}, R. and {Hoyos}, C. and {Ibar}, E. and {Ivison}, R.~J. and
  {Jarvis}, M.~J. and {Lapi}, A. and {Maddox}, S.~J. and {Page}, M.~J. and
  {Riechers}, D.~A. and {Valiante}, E. and {van der Werf}, P.~P.
  },
    title = "{The evolutionary connection between QSOs and SMGs: molecular gas in far-infrared luminous QSOs at z {\tilde} 2.5}",
  journal = {\mnras},
archivePrefix = "arXiv",
   eprint = {1206.4692},
 keywords = {galaxies: evolution, galaxies: formation, quasars: emission lines, quasars: individual: J0908-0034, quasars: individual: J0911+0027},
     year = 2012,
    month = nov,
   volume = 426,
    pages = {3201-3210},
      doi = {10.1111/j.1365-2966.2012.21941.x},
   adsurl = {http://adsabs.harvard.edu/abs/2012MNRAS.426.3201S},
  adsnote = {Provided by the SAO/NASA Astrophysics Data System}
}



############# Add reference in response to referee report #########
e.g. divide SFR by half then piR^2 --> surface density
@ARTICLE{Genzel10a,
   author = {{Genzel}, R. and {Tacconi}, L.~J. and {Gracia-Carpio}, J. and
  {Sternberg}, A. and {Cooper}, M.~C. and {Shapiro}, K. and {Bolatto}, A. and
  {Bouch{\'e}}, N. and {Bournaud}, F. and {Burkert}, A. and {Combes}, F. and
  {Comerford}, J. and {Cox}, P. and {Davis}, M. and {Schreiber}, N.~M.~F. and
  {Garcia-Burillo}, S. and {Lutz}, D. and {Naab}, T. and {Neri}, R. and
  {Omont}, A. and {Shapley}, A. and {Weiner}, B.},
    title = "{A study of the gas-star formation relation over cosmic time}",
  journal = {\mnras},
archivePrefix = "arXiv",
   eprint = {1003.5180},
 keywords = {stars: formation, ISM: molecules, galaxies: evolution, galaxies: ISM, galaxies: starbursts},
     year = 2010,
    month = oct,
   volume = 407,
    pages = {2091-2108},
      doi = {10.1111/j.1365-2966.2010.16969.x},
   adsurl = {http://adsabs.harvard.edu/abs/2010MNRAS.407.2091G},
  adsnote = {Provided by the SAO/NASA Astrophysics Data System}
}

@ARTICLE{Harrison15a,
   author = {{Harrison}, C.~M. and {Simpson}, J.~M. and {Stanley}, F. and
  {Alexander}, D.~M. and {Daddi}, E. and {Mullaney}, J.~R. and
  {Pannella}, M. and {Rosario}, D.~J. and {Smail}, I.},
    title = "{ALMA resolves extended star formation in high-z AGN host galaxies}",
  journal = {ArXiv e-prints},
archivePrefix = "arXiv",
   eprint = {1510.06740},
 keywords = {Astrophysics - Astrophysics of Galaxies},
     year = 2015,
    month = oct,
   adsurl = {http://adsabs.harvard.edu/abs/2015arXiv151006740H},
  adsnote = {Provided by the SAO/NASA Astrophysics Data System}
}


### Reponse to Referee gas replenishment -- def. of depletion time
@ARTICLE{Dave11a,
   author = {{Dav{\'e}}, R. and {Finlator}, K. and {Oppenheimer}, B.~D.},
    title = "{Galaxy evolution in cosmological simulations with outflows - II. Metallicities and gas fractions}",
  journal = {\mnras},
archivePrefix = "arXiv",
   eprint = {1104.3156},
 keywords = {methods: numerical, galaxies: abundances, galaxies: evolution, galaxies: formation, galaxies: high-redshift, galaxies: statistics},
     year = 2011,
    month = sep,
   volume = 416,
    pages = {1354-1376},
      doi = {10.1111/j.1365-2966.2011.19132.x},
   adsurl = {http://adsabs.harvard.edu/abs/2011MNRAS.416.1354D},
  adsnote = {Provided by the SAO/NASA Astrophysics Data System}
}


### Reponse to referee early works in Mgas ###
@ARTICLE{Neri03a,
   author = {{Neri}, R. and {Genzel}, R. and {Ivison}, R.~J. and {Bertoldi}, F. and
  {Blain}, A.~W. and {Chapman}, S.~C. and {Cox}, P. and {Greve}, T.~R. and
  {Omont}, A. and {Frayer}, D.~T.},
    title = "{Interferometric Observations of Powerful CO Emission from Three Submillimeter Galaxies at z=2.39, 2.51, and 3.35}",
  journal = {\apjl},
   eprint = {astro-ph/0307310},
 keywords = {Cosmology: Observations, Galaxies: Evolution, Galaxies: Formation},
     year = 2003,
    month = nov,
   volume = 597,
    pages = {L113-L116},
      doi = {10.1086/379968},
   adsurl = {http://adsabs.harvard.edu/abs/2003ApJ...597L.113N},
  adsnote = {Provided by the SAO/NASA Astrophysics Data System}
}


@ARTICLE{Frayer98a,
   author = {{Frayer}, D.~T. and {Ivison}, R.~J. and {Scoville}, N.~Z. and
  {Yun}, M. and {Evans}, A.~S. and {Smail}, I. and {Blain}, A.~W. and
  {Kneib}, J.-P.},
    title = "{Molecular Gas in the Z = 2.8 Submillimeter Galaxy SMM 02399-0136}",
  journal = {\apjl},
   eprint = {astro-ph/9808109},
 keywords = {COSMOLOGY: EARLY UNIVERSE, GALAXIES: ACTIVE, GALAXIES: EVOLUTION, GALAXIES: INDIVIDUAL: ALPHANUMERIC: SMM 02399-0136, GALAXIES: STARBURST, Cosmology: Early Universe, Galaxies: Active, Galaxies: Evolution, Galaxies: Individual: Alphanumeric: SMM 02399-0136, Galaxies: Starburst},
     year = 1998,
    month = oct,
   volume = 506,
    pages = {L7-L10},
      doi = {10.1086/311639},
   adsurl = {http://adsabs.harvard.edu/abs/1998ApJ...506L...7F},
  adsnote = {Provided by the SAO/NASA Astrophysics Data System}
}

### Reponse to referee early works in discovery
@ARTICLE{Blain98a,
   author = {{Blain}, A.~W. and {Ivison}, R.~J. and {Smail}, I.},
    title = "{Observational limits to source confusion in the millimetre/submillimetre waveband}",
  journal = {\mnras},
   eprint = {astro-ph/9710003},
 keywords = {GALAXIES: EVOLUTION, GALAXIES: FORMATION, COSMIC MICROWAVE BACKGROUND, COSMOLOGY: OBSERVATIONS, DIFFUSE RADIATION, RADIO CONTINUUM: GALAXIES},
     year = 1998,
    month = may,
   volume = 296,
    pages = {L29},
      doi = {10.1046/j.1365-8711.1998.01605.x},
   adsurl = {http://adsabs.harvard.edu/abs/1998MNRAS.296L..29B},
  adsnote = {Provided by the SAO/NASA Astrophysics Data System}
}
### Reponse to referee early works in redshift
@ARTICLE{Chapman05a,
   author = {{Chapman}, S.~C. and {Blain}, A.~W. and {Smail}, I. and {Ivison}, R.~J.
  },
    title = "{A Redshift Survey of the Submillimeter Galaxy Population}",
  journal = {\apj},
   eprint = {astro-ph/0412573},
 keywords = {Cosmology: Observations, Galaxies: Evolution, Galaxies: Formation, Galaxies: Starburst},
     year = 2005,
    month = apr,
   volume = 622,
    pages = {772-796},
      doi = {10.1086/428082},
   adsurl = {http://adsabs.harvard.edu/abs/2005ApJ...622..772C},
  adsnote = {Provided by the SAO/NASA Astrophysics Data System}
}

@ARTICLE{Barger98a,
   author = {{Barger}, A.~J. and {Cowie}, L.~L. and {Sanders}, D.~B. and
  {Fulton}, E. and {Taniguchi}, Y. and {Sato}, Y. and {Kawara}, K. and
  {Okuda}, H.},
    title = "{Submillimetre-wavelength detection of dusty star-forming galaxies at high redshift}",
  journal = {\nat},
   eprint = {astro-ph/9806317},
     year = 1998,
    month = jul,
   volume = 394,
    pages = {248-251},
      doi = {10.1038/28338},
   adsurl = {http://adsabs.harvard.edu/abs/1998Natur.394..248B},
  adsnote = {Provided by the SAO/NASA Astrophysics Data System}
}



@ARTICLE{Hughes98a,
   author = {{Hughes}, D.~H. and {Serjeant}, S. and {Dunlop}, J. and {Rowan-Robinson}, M. and
  {Blain}, A. and {Mann}, R.~G. and {Ivison}, R. and {Peacock}, J. and
  {Efstathiou}, A. and {Gear}, W. and {Oliver}, S. and {Lawrence}, A. and
  {Longair}, M. and {Goldschmidt}, P. and {Jenness}, T.},
    title = "{High-redshift star formation in the Hubble Deep Field revealed by a submillimetre-wavelength survey}",
  journal = {\nat},
   eprint = {astro-ph/9806297},
     year = 1998,
    month = jul,
   volume = 394,
    pages = {241-247},
      doi = {10.1038/28328},
   adsurl = {http://adsabs.harvard.edu/abs/1998Natur.394..241H},
  adsnote = {Provided by the SAO/NASA Astrophysics Data System}
}

@ARTICLE{Smail97a,
   author = {{Smail}, I. and {Ivison}, R.~J. and {Blain}, A.~W.},
    title = "{A Deep Sub-millimeter Survey of Lensing Clusters: A New Window on Galaxy Formation and Evolution}",
  journal = {\apjl},
   eprint = {astro-ph/9708135},
 keywords = {COSMOLOGY: OBSERVATIONS, COSMOLOGY: EARLY UNIVERSE, GALAXIES: EVOLUTION, GALAXIES: FORMATION, COSMOLOGY: GRAVITATIONAL LENSING, RADIO CONTINUUM: GALAXIES, Cosmology: Observations, Cosmology: Early Universe, Galaxies: Evolution, Galaxies: Formation, Cosmology: Gravitational Lensing, Radio Continuum: Galaxies},
     year = 1997,
    month = nov,
   volume = 490,
    pages = {L5-L8},
      doi = {10.1086/311017},
   adsurl = {http://adsabs.harvard.edu/abs/1997ApJ...490L...5S},
  adsnote = {Provided by the SAO/NASA Astrophysics Data System}
}

#### spatial extent of CO --> Mdyn
Ivison11a
Riechers11c
@ARTICLE{Hodge13a,
   author = {{Hodge}, J.~A. and {Carilli}, C.~L. and {Walter}, F. and {Daddi}, E. and
  {Riechers}, D.},
    title = "{High-resolution Spectroscopic Imaging of CO in a z = 4.05 Proto-cluster}",
  journal = {\apj},
archivePrefix = "arXiv",
   eprint = {1307.4763},
 keywords = {galaxies: evolution, galaxies: formation, galaxies: high-redshift, galaxies: ISM, galaxies: star formation},
     year = 2013,
    month = oct,
   volume = 776,
      eid = {22},
    pages = {22},
      doi = {10.1088/0004-637X/776/1/22},
   adsurl = {http://adsabs.harvard.edu/abs/2013ApJ...776...22H},
  adsnote = {Provided by the SAO/NASA Astrophysics Data System}
}


#### spatial extent of dust
@ARTICLE{Simpson15a,
   author = {{Simpson}, J.~M. and {Smail}, I. and {Swinbank}, A.~M. and {Almaini}, O. and
  {Blain}, A.~W. and {Bremer}, M.~N. and {Chapman}, S.~C. and
  {Chen}, C.-C. and {Conselice}, C. and {Coppin}, K.~E.~K. and
  {Danielson}, A.~L.~R. and {Dunlop}, J.~S. and {Edge}, A.~C. and
  {Farrah}, D. and {Geach}, J.~E. and {Hartley}, W.~G. and {Ivison}, R.~J. and
  {Karim}, A. and {Lani}, C. and {Ma}, C.-J. and {Meijerink}, R. and
  {Micha{\l}owski}, M.~J. and {Mortlock}, A. and {Scott}, D. and
  {Simpson}, C.~J. and {Spaans}, M. and {Thomson}, A.~P. and {van Kampen}, E. and
  {van der Werf}, P.~P.},
    title = "{The SCUBA-2 Cosmology Legacy Survey: ALMA Resolves the Rest-frame Far-infrared Emission of Sub-millimeter Galaxies}",
  journal = {\apj},
archivePrefix = "arXiv",
   eprint = {1411.5025},
 keywords = {galaxies: high-redshift, galaxies: starburst},
     year = 2015,
    month = jan,
   volume = 799,
      eid = {81},
    pages = {81},
      doi = {10.1088/0004-637X/799/1/81},
   adsurl = {http://adsabs.harvard.edu/abs/2015ApJ...799...81S},
  adsnote = {Provided by the SAO/NASA Astrophysics Data System}
}


# Negligible AGN contribution ##
@ARTICLE{Johnson13a,
   author = {{Johnson}, S.~P. and {Wilson}, G.~W. and {Wang}, Q.~D. and {Williams}, C.~C. and
  {Scott}, K.~S. and {Yun}, M.~S. and {Pope}, A. and {Lowenthal}, J. and
  {Aretxaga}, I. and {Hughes}, D. and {Kim}, M.~J. and {Kim}, S. and
  {Tamura}, Y. and {Kohno}, K. and {Ezawa}, H. and {Kawabe}, R. and
  {Oshima}, T.},
    title = "{X-ray detections of submillimetre galaxies: active galactic nuclei versus starburst contribution}",
  journal = {\mnras},
archivePrefix = "arXiv",
   eprint = {1302.0842},
 primaryClass = "astro-ph.GA",
 keywords = {galaxies: active, galaxies: high-redshift, galaxies: starburst, submillimetre: galaxies, X-rays: galaxies},
     year = 2013,
    month = may,
   volume = 431,
    pages = {662-682},
      doi = {10.1093/mnras/stt197},
   adsurl = {http://adsabs.harvard.edu/abs/2013MNRAS.431..662J},
  adsnote = {Provided by the SAO/NASA Astrophysics Data System}
}


#### SFRSD comparison, GN20
@ARTICLE{Hodge15a,
   author = {{Hodge}, J.~A. and {Riechers}, D. and {Decarli}, R. and {Walter}, F. and
  {Carilli}, C.~L. and {Daddi}, E. and {Dannerbauer}, H.},
    title = "{The Kiloparsec-scale Star Formation Law at Redshift 4: Widespread, Highly Efficient Star Formation in the Dust-obscured Starburst Galaxy GN20}",
  journal = {\apjl},
archivePrefix = "arXiv",
   eprint = {1412.2132},
 keywords = {galaxies: evolution, galaxies: formation, galaxies: high-redshift, galaxies: ISM, galaxies: star formation},
     year = 2015,
    month = jan,
   volume = 798,
      eid = {L18},
    pages = {L18},
      doi = {10.1088/2041-8205/798/1/L18},
   adsurl = {http://adsabs.harvard.edu/abs/2015ApJ...798L..18H},
  adsnote = {Provided by the SAO/NASA Astrophysics Data System}
}


#### Add CSharon15 to Tab. 4
@ARTICLE{Sharon15a,
   author = {{Sharon}, C.~E. and {Riechers}, D.~A. and {Hodge}, J. and
  {Carilli}, C.~L. and {Walter}, F. and
  {Weiss}, A. and {Knudsen}, K. and {Wagg}, J.},
    title = "{A Total Molecular Gas Mass Census in z~2-3 Star-forming Galaxies: Low-J CO Excitation Probes of Galaxies'' Evolutionary States}",
  journal = {\apj},
 keywords = {galaxies: active, galaxies: high-redshift, galaxies: ISM, galaxies: starburst, ISM: molecules},
     year = 2015,
   volume = Submitted,
  adsnote = {Submitted}
}

